Date,Price,Volume,BS
2022-12-31 19:19:31,1195.81000,0.10560000,s
2022-12-31 19:28:11,1196.47000,0.25000000,s
2022-12-31 19:28:11,1196.46000,0.25238382,s
2022-12-31 19:28:11,1196.45000,0.50000000,s
2022-12-31 19:28:11,1196.44000,1.22383656,s
2022-12-31 19:28:11,1196.43000,5.00000000,s
2022-12-31 19:28:11,1196.43000,0.50000000,s
2022-12-31 19:28:11,1196.42000,0.50000000,s
2022-12-31 19:28:11,1196.40000,0.50000000,s
2022-12-31 19:28:11,1196.39000,0.50000000,s
2022-12-31 19:28:11,1196.32000,1.62461988,s
2022-12-31 19:28:11,1196.32000,7.25538012,s
2022-12-31 19:28:11,1196.31000,0.89000000,s
2022-12-31 19:28:11,1196.19000,10.00000000,s
2022-12-31 19:28:11,1196.15000,13.85444281,s
2022-12-31 19:28:11,1196.10000,2.70703731,s
2022-12-31 19:28:11,1196.04000,3.92594033,s
2022-12-31 19:28:11,1196.02000,12.90388719,s
2022-12-31 19:28:26,1196.30000,0.10581665,s
2022-12-31 19:35:56,1193.83000,0.04332994,b
2022-12-31 19:35:56,1193.83000,0.04332994,b
2022-12-31 19:53:25,1194.46000,0.01674396,b
2022-12-31 20:01:43,1194.40000,0.05733989,b
2022-12-31 20:01:43,1194.41000,0.19266011,b
2022-12-31 20:13:50,1195.19000,0.25000000,s
2022-12-31 20:13:50,1195.18000,0.01490000,s
2022-12-31 20:17:08,1194.92000,0.25000000,s
2022-12-31 20:17:08,1194.91000,0.89000000,s
2022-12-31 20:17:08,1194.82000,0.78226615,s
2022-12-31 20:17:08,1194.81000,0.59533385,s
2022-12-31 20:18:26,1195.42000,0.01649034,b
2022-12-31 20:18:26,1195.43000,0.89000000,b
2022-12-31 20:18:26,1195.44000,0.34828550,b
2022-12-31 20:28:55,1195.26000,0.25238382,s
2022-12-31 20:28:55,1195.12000,0.25000000,s
2022-12-31 20:28:55,1195.11000,0.50000000,s
2022-12-31 20:28:55,1195.03000,0.79844896,s
2022-12-31 20:28:55,1195.03000,5.00000000,s
2022-12-31 20:28:55,1195.02000,0.90404627,s
2022-12-31 20:28:55,1195.00000,0.89000000,s
2022-12-31 20:28:55,1194.92000,0.51577313,s
2022-12-31 20:29:28,1195.24000,0.25000000,s
2022-12-31 20:29:28,1195.23000,0.25238382,s
2022-12-31 20:29:28,1195.15000,0.69377293,s
2022-12-31 20:29:28,1195.14000,0.81336602,s
2022-12-31 20:29:28,1195.08000,20.92891205,s
2022-12-31 20:29:28,1195.05000,0.84029942,s
2022-12-31 20:29:28,1195.00000,0.89000000,s
2022-12-31 20:29:28,1194.91000,25.98747606,s
2022-12-31 20:30:01,1195.42000,0.25238382,s
2022-12-31 20:30:01,1195.21000,0.25000000,s
2022-12-31 20:30:01,1195.04000,0.64485304,s
2022-12-31 20:30:01,1195.00000,0.78104754,s
2022-12-31 20:30:01,1194.94000,5.00000000,s
2022-12-31 20:30:01,1194.93000,0.89000000,s
2022-12-31 20:30:01,1194.91000,23.81162401,s
2022-12-31 20:30:01,1194.90000,3.92959154,s
2022-12-31 20:30:01,1194.89000,10.00000000,s
2022-12-31 20:30:34,1195.28000,0.25000000,s
2022-12-31 20:30:34,1195.27000,0.25238382,s
2022-12-31 20:30:34,1195.07000,0.75601329,s
2022-12-31 20:30:34,1194.98000,5.00000000,s
2022-12-31 20:30:34,1194.97000,10.00000000,s
2022-12-31 20:30:34,1194.92000,21.81796625,s
2022-12-31 20:31:07,1194.85000,0.25000000,s
2022-12-31 20:31:07,1194.84000,0.25238382,s
2022-12-31 20:31:07,1194.80000,5.00000000,s
2022-12-31 20:31:07,1194.79000,10.00000000,s
2022-12-31 20:31:07,1194.74000,8.88400000,s
2022-12-31 20:31:07,1194.73000,10.84982266,s
2022-12-31 20:31:07,1194.69000,0.70270466,s
2022-12-31 20:31:40,1194.92000,0.25000000,s
2022-12-31 20:31:40,1194.91000,0.49106880,s
2022-12-31 20:31:40,1194.87000,0.25238382,s
2022-12-31 20:31:40,1194.79000,10.00000000,s
2022-12-31 20:31:40,1194.67000,10.85036757,s
2022-12-31 20:31:40,1194.66000,10.25662054,s
2022-12-31 20:31:40,1194.65000,0.59938264,s
2022-12-31 20:31:40,1194.60000,5.00000000,s
2022-12-31 20:32:13,1194.90000,0.25000000,s
2022-12-31 20:32:13,1194.89000,0.25238382,s
2022-12-31 20:32:13,1194.73000,10.00000000,s
2022-12-31 20:32:13,1194.60000,0.65315497,s
2022-12-31 20:32:13,1194.60000,5.00000000,s
2022-12-31 20:32:13,1194.59000,1.58621361,s
2022-12-31 20:32:13,1194.57000,0.72597367,s
2022-12-31 20:32:13,1194.49000,1.74664160,s
2022-12-31 20:32:13,1194.48000,0.55711848,s
2022-12-31 20:32:13,1194.44000,2.74043499,s
2022-12-31 20:32:13,1194.42000,0.87340046,s
2022-12-31 20:32:46,1194.86000,0.25000000,s
2022-12-31 20:32:46,1194.85000,0.25238382,s
2022-12-31 20:32:46,1194.65000,10.00000000,s
2022-12-31 20:32:46,1194.60000,0.69057634,s
2022-12-31 20:32:46,1194.60000,20.93736188,s
2022-12-31 20:32:46,1194.59000,1.99105127,s
2022-12-31 20:32:46,1194.56000,0.75247484,s
2022-12-31 20:32:46,1194.44000,0.51783448,s
2022-12-31 20:32:46,1194.41000,8.88400000,s
2022-12-31 20:32:46,1194.40000,0.51187339,s
2022-12-31 20:33:19,1194.82000,0.25000000,s
2022-12-31 20:33:19,1194.81000,0.25238382,s
2022-12-31 20:33:19,1194.65000,10.00000000,s
2022-12-31 20:33:19,1194.59000,1.99105127,s
2022-12-31 20:33:19,1194.58000,0.87336996,s
2022-12-31 20:33:52,1194.74000,0.25000000,s
2022-12-31 20:33:52,1194.73000,0.25238382,s
2022-12-31 20:33:52,1194.65000,10.00000000,s
2022-12-31 20:33:52,1194.59000,1.99105127,s
2022-12-31 20:33:52,1194.53000,0.69941572,s
2022-12-31 20:33:52,1194.52000,0.64188186,s
2022-12-31 20:33:52,1194.46000,5.00000000,s
2022-12-31 20:33:52,1194.40000,0.17685920,s
2022-12-31 20:34:45,1194.96000,0.25000000,s
2022-12-31 20:34:45,1194.95000,0.44486342,s
2022-12-31 20:34:45,1194.71000,0.25238382,s
2022-12-31 20:34:45,1194.65000,10.00000000,s
2022-12-31 20:34:45,1194.59000,1.43522104,s
2022-12-31 20:34:45,1194.41000,20.94067482,s
2022-12-31 20:34:45,1194.37000,3.93069959,s
2022-12-31 20:35:15,1194.72000,0.25000000,s
2022-12-31 20:35:15,1194.71000,0.25238382,s
2022-12-31 20:35:15,1194.65000,10.00000000,s
2022-12-31 20:35:15,1194.59000,1.43522104,s
2022-12-31 20:35:15,1194.50000,0.60034093,s
2022-12-31 20:35:15,1194.47000,0.48132051,s
2022-12-31 20:35:15,1194.41000,20.94067482,s
2022-12-31 20:35:45,1194.68000,0.25000000,s
2022-12-31 20:35:45,1194.67000,0.08421878,s
2022-12-31 20:35:45,1194.65000,10.00000000,s
2022-12-31 20:35:45,1194.61000,0.25238382,s
2022-12-31 20:35:45,1194.59000,17.30687479,s
2022-12-31 20:35:45,1194.45000,0.65009794,s
2022-12-31 20:35:45,1194.40000,20.94079923,s
2022-12-31 20:35:45,1194.38000,1.74674096,s
2022-12-31 20:36:15,1194.99000,0.25000000,s
2022-12-31 20:36:15,1194.98000,0.25238382,s
2022-12-31 20:36:15,1194.72000,0.87338656,s
2022-12-31 20:36:15,1194.69000,8.88400000,s
2022-12-31 20:36:15,1194.59000,5.00000000,s
2022-12-31 20:36:15,1194.58000,5.87261679,s
2022-12-31 20:36:15,1194.57000,3.92965780,s
2022-12-31 20:36:15,1194.49000,20.93931589,s
2022-12-31 20:36:45,1194.93000,0.25000000,s
2022-12-31 20:36:45,1194.92000,0.25238382,s
2022-12-31 20:36:45,1194.74000,10.00000000,s
2022-12-31 20:36:45,1194.57000,0.56659589,s
2022-12-31 20:36:45,1194.50000,0.68178218,s
2022-12-31 20:36:45,1194.47000,0.63587679,s
2022-12-31 20:36:45,1194.41000,7.17335127,s
2022-12-31 20:36:45,1194.37000,5.00000000,s
2022-12-31 20:37:15,1194.91000,0.25000000,s
2022-12-31 20:37:15,1194.90000,0.25238382,s
2022-12-31 20:37:15,1194.65000,15.85717149,s
2022-12-31 20:37:15,1194.46000,0.52664361,s
2022-12-31 20:37:15,1194.46000,0.87334547,s
2022-12-31 20:37:15,1194.45000,0.59103932,s
2022-12-31 20:37:15,1194.41000,0.63370779,s
2022-12-31 22:00:23,1193.21000,0.01755146,s
2022-12-31 22:01:24,1192.98000,0.01474009,s
2022-12-31 22:01:29,1192.59000,0.89000000,b
2022-12-31 22:01:29,1192.60000,3.79069924,b
2022-12-31 22:01:29,1192.62000,0.09020339,b
2022-12-31 22:01:29,1192.63000,0.22909737,b
2022-12-31 22:12:05,1192.98000,0.08378184,b
2022-12-31 22:19:39,1192.50000,0.01388505,s
2022-12-31 23:08:08,1192.93000,0.01966367,s
2022-12-31 23:08:12,1192.93000,0.02043391,s
2022-12-31 23:08:15,1192.91000,0.01619494,s
2022-12-31 23:13:06,1193.29000,0.02344653,b
2022-12-31 23:20:57,1192.29000,0.05493488,b
2022-12-31 23:21:03,1192.16000,0.94637978,b
2022-12-31 23:51:42,1192.59000,0.05245048,s
2023-01-01 00:04:48,1192.92000,0.01000000,b
2023-01-01 00:07:56,1192.92000,0.02095698,b
2023-01-01 00:38:02,1194.05000,4.26820273,b
2023-01-01 00:38:02,1194.06000,0.89000000,b
2023-01-01 00:38:02,1194.13000,0.25000000,b
2023-01-01 00:38:02,1194.17000,0.50000000,b
2023-01-01 00:38:02,1194.19000,0.50000000,b
2023-01-01 00:38:02,1194.21000,0.50000000,b
2023-01-01 00:38:02,1194.23000,0.50000000,b
2023-01-01 00:38:02,1194.25000,0.50000000,b
2023-01-01 00:38:02,1194.27000,0.50000000,b
2023-01-01 00:38:02,1194.28000,0.25238382,b
2023-01-01 00:38:02,1194.29000,0.50000000,b
2023-01-01 00:38:02,1194.30000,7.02628275,b
2023-01-01 00:38:02,1194.30000,0.50901052,b
2023-01-01 01:07:36,1195.01000,0.25966597,b
2023-01-01 01:28:11,1194.48000,0.01300000,b
2023-01-01 01:43:23,1194.10000,0.04347328,s
2023-01-01 01:43:23,1194.09000,0.25000000,s
2023-01-01 01:43:23,1194.09000,0.77853334,s
2023-01-01 01:43:23,1194.09000,0.77759536,s
2023-01-01 01:43:27,1194.10000,0.04503298,s
2023-01-01 01:55:33,1194.39000,0.19235009,b
2023-01-01 02:16:04,1194.20000,0.30000000,b
2023-01-01 02:17:28,1193.40000,0.01478440,b
2023-01-01 02:36:31,1194.12000,0.06075340,b
2023-01-01 02:38:48,1194.19000,0.03632900,s
2023-01-01 02:55:32,1194.72000,0.01408980,s
2023-01-01 03:00:00,1195.23000,0.01000000,b
2023-01-01 03:14:30,1194.66000,0.07842228,b
2023-01-01 03:18:43,1194.88000,0.37288900,b
2023-01-01 03:19:44,1195.33000,0.01965600,b
2023-01-01 04:00:24,1194.44000,0.02092938,b
2023-01-01 04:03:43,1194.30000,0.25000000,b
2023-01-01 04:03:43,1194.31000,0.87000000,b
2023-01-01 04:03:43,1194.36000,3.71901795,b
2023-01-01 04:03:43,1194.37000,0.16098205,b
2023-01-01 04:04:12,1194.22000,0.02463027,b
2023-01-01 04:58:51,1196.32000,0.03430347,b
2023-01-01 04:58:55,1196.32000,0.01000000,b
2023-01-01 05:16:37,1196.31000,0.50154224,s
2023-01-01 05:16:37,1196.31000,0.25077112,s
2023-01-01 05:16:37,1196.31000,0.04295796,s
2023-01-01 05:17:49,1196.42000,0.06143327,b
2023-01-01 05:17:52,1196.19000,0.25000000,s
2023-01-01 05:17:54,1196.19000,0.25000000,s
2023-01-01 05:17:55,1196.19000,0.25000000,s
2023-01-01 05:17:57,1196.19000,0.25000000,s
2023-01-01 05:17:58,1196.19000,0.02147898,s
2023-01-01 05:17:58,1196.20000,0.25000000,s
2023-01-01 05:17:58,1196.19000,0.25000000,s
2023-01-01 05:17:59,1196.19000,0.25000000,s
2023-01-01 05:18:00,1196.19000,0.25000000,s
2023-01-01 05:18:01,1196.19000,0.25000000,s
2023-01-01 05:18:03,1196.19000,0.25000000,s
2023-01-01 05:18:04,1196.19000,0.25000000,s
2023-01-01 05:18:06,1196.19000,0.25000000,s
2023-01-01 05:18:07,1196.19000,0.25000000,s
2023-01-01 05:18:09,1196.19000,0.25000000,s
2023-01-01 05:18:10,1196.19000,0.01073949,s
2023-01-01 05:18:10,1196.20000,0.25000000,s
2023-01-01 05:18:10,1196.19000,0.25000000,s
2023-01-01 05:18:11,1196.19000,0.01888941,s
2023-01-01 05:37:34,1195.94000,0.45815213,b
2023-01-01 05:40:36,1195.36000,0.13929177,s
2023-01-01 05:44:35,1195.34000,0.01073949,s
2023-01-01 05:44:35,1195.33000,0.25000000,s
2023-01-01 05:44:35,1195.32000,0.10926051,s
2023-01-01 05:45:15,1195.46000,0.03000000,s
2023-01-01 05:47:32,1195.76000,0.16478586,b
2023-01-01 05:54:59,1196.13000,0.20646289,b
2023-01-01 05:59:42,1197.06000,0.01001545,b
2023-01-01 05:59:52,1196.88000,0.25000000,s
2023-01-01 05:59:52,1196.88000,0.43371497,s
2023-01-01 05:59:52,1196.87000,0.07726103,s
2023-01-01 05:59:52,1196.87000,0.17512279,s
2023-01-01 05:59:52,1196.87000,0.26928746,s
2023-01-01 05:59:53,1196.87000,0.25000000,s
2023-01-01 05:59:53,1196.86000,0.25238382,s
2023-01-01 05:59:53,1196.86000,0.44127046,s
2023-01-01 06:01:42,1197.36000,0.40000000,b
2023-01-01 06:03:31,1196.62000,0.04699000,s
2023-01-01 06:03:48,1196.62000,0.04699000,s
2023-01-01 06:04:29,1196.60000,0.04699000,s
2023-01-01 06:05:07,1196.60000,0.04699000,s
2023-01-01 06:05:11,1196.60000,0.04699000,s
2023-01-01 06:05:54,1196.51000,0.04699000,s
2023-01-01 06:08:16,1196.73000,0.04699000,s
2023-01-01 06:09:12,1196.84000,0.04699000,s
2023-01-01 06:09:29,1196.85000,0.04000000,s
2023-01-01 06:09:34,1196.85000,0.04500000,s
2023-01-01 06:10:36,1197.08000,0.04699000,s
2023-01-01 06:11:53,1197.27000,0.01000000,b
2023-01-01 06:11:54,1197.11000,0.01000000,s
2023-01-01 06:12:52,1197.25000,0.25238382,s
2023-01-01 06:12:52,1197.05000,0.04761618,s
2023-01-01 06:15:12,1197.07000,0.01000000,b
2023-01-01 06:15:13,1196.62000,0.01000000,s
2023-01-01 06:16:05,1196.81000,0.01810646,b
2023-01-01 06:16:10,1196.81000,0.01000000,b
2023-01-01 06:16:10,1196.81000,0.02335746,b
2023-01-01 06:16:11,1196.46000,0.01000000,s
2023-01-01 06:17:27,1196.45000,0.01000000,b
2023-01-01 06:17:28,1195.83000,0.01000000,s
2023-01-01 06:18:06,1196.31000,0.01000000,b
2023-01-01 06:18:10,1195.86000,0.01000000,s
2023-01-01 06:18:28,1196.31000,0.01000000,b
2023-01-01 06:18:29,1195.86000,0.01000000,s
2023-01-01 06:37:48,1196.40000,0.50000000,b
2023-01-01 06:40:20,1196.48000,0.05020000,b
2023-01-01 06:48:04,1196.41000,0.02137227,b
2023-01-01 06:50:51,1196.40000,0.10765827,s
2023-01-01 07:00:29,1196.54000,0.07258428,b
2023-01-01 07:02:44,1196.54000,0.17741572,b
2023-01-01 07:02:44,1196.55000,0.72830959,b
2023-01-01 07:09:14,1196.41000,0.04513540,b
2023-01-01 07:16:56,1197.54000,0.25000000,b
2023-01-01 07:16:56,1197.55000,0.25238382,b
2023-01-01 07:16:56,1197.62000,0.62761618,b
2023-01-01 07:30:36,1198.24000,0.50000000,b
2023-01-01 07:30:36,1198.25000,0.25000000,b
2023-01-01 07:30:36,1198.26000,0.08400000,b
2023-01-01 07:41:33,1197.04000,0.03134869,s
2023-01-01 07:46:33,1197.47000,0.11367457,b
2023-01-01 08:00:05,1197.12000,0.25000000,s
2023-01-01 08:00:05,1197.11000,0.43734540,s
2023-01-01 08:01:57,1197.42000,0.01033871,b
2023-01-01 08:13:26,1196.40000,0.39234173,s
2023-01-01 08:13:26,1196.31000,0.11843497,s
2023-01-01 08:15:23,1196.66000,0.11378479,b
2023-01-01 08:16:37,1196.66000,0.12349644,b
2023-01-01 08:17:11,1196.45000,0.13088577,b
2023-01-01 08:18:29,1196.59000,0.25000000,b
2023-01-01 08:18:29,1196.60000,0.50000000,b
2023-01-01 08:18:29,1196.62000,3.07066901,b
2023-01-01 08:18:29,1196.62000,0.25238382,b
2023-01-01 08:18:29,1196.65000,0.50000000,b
2023-01-01 08:18:29,1196.66000,0.50000000,b
2023-01-01 08:18:29,1196.67000,0.50000000,b
2023-01-01 08:18:29,1196.68000,0.42694717,b
2023-01-01 08:22:00,1196.30000,0.09693004,b
2023-01-01 08:23:56,1196.29000,0.01362045,b
2023-01-01 08:27:17,1196.15000,0.09333893,b
2023-01-01 08:27:46,1196.06000,0.25000000,b
2023-01-01 08:27:46,1196.07000,0.13143307,b
2023-01-01 08:32:50,1196.20000,0.02000000,b
2023-01-01 08:35:23,1195.85000,0.03662565,s
2023-01-01 08:36:10,1195.85000,0.05806615,s
2023-01-01 08:36:16,1195.06000,0.30729225,b
2023-01-01 08:46:28,1194.68000,0.06079021,b
2023-01-01 08:46:41,1194.40000,0.13784393,s
2023-01-01 08:46:41,1194.66000,0.04595802,b
2023-01-01 08:49:52,1194.78000,0.50000000,b
2023-01-01 08:49:52,1194.86000,0.26000000,b
2023-01-01 09:13:46,1195.45000,0.02087943,b
2023-01-01 09:14:26,1195.26000,0.25000000,s
2023-01-01 09:14:26,1195.25000,0.25238382,s
2023-01-01 09:14:26,1195.20000,0.16852618,s
2023-01-01 09:44:50,1194.69000,0.01556800,s
2023-01-01 09:57:22,1194.67000,0.02092218,b
2023-01-01 10:09:10,1195.24000,0.10546995,b
2023-01-01 10:18:31,1195.50000,0.50000000,b
2023-01-01 10:18:31,1195.57000,0.50000000,b
2023-01-01 10:18:31,1195.59000,0.50000000,b
2023-01-01 10:18:31,1195.60000,0.25000000,b
2023-01-01 10:18:31,1195.61000,0.50000000,b
2023-01-01 10:18:31,1195.63000,0.75000000,b
2023-01-01 10:23:40,1194.71000,0.01000000,b
2023-01-01 10:33:39,1194.72000,1.31539492,b
2023-01-01 10:33:42,1194.72000,0.01000000,b
2023-01-01 10:33:54,1194.72000,0.19191831,b
2023-01-01 10:36:25,1194.72000,0.08274874,b
2023-01-01 10:36:41,1194.72000,5.00000000,b
2023-01-01 10:36:54,1194.72000,0.14668490,b
2023-01-01 10:38:51,1194.72000,0.12077388,b
2023-01-01 10:38:57,1194.72000,5.00000000,b
2023-01-01 10:38:57,1194.72000,3.19877093,b
2023-01-01 10:48:14,1195.98000,0.01000000,b
2023-01-01 10:53:17,1195.93000,0.02097393,b
2023-01-01 11:07:20,1196.97000,0.02335808,b
2023-01-01 11:18:47,1196.69000,0.20468931,s
2023-01-01 11:19:46,1197.12000,0.04178261,b
2023-01-01 11:26:40,1197.25000,0.05497226,b
2023-01-01 11:29:52,1197.84000,0.07000000,b
2023-01-01 11:30:08,1197.80000,0.01033871,s
2023-01-01 11:33:03,1197.38000,0.25000000,s
2023-01-01 11:33:03,1197.37000,0.89000000,s
2023-01-01 11:33:03,1197.33000,0.25238382,s
2023-01-01 11:33:03,1197.28000,0.50000000,s
2023-01-01 11:33:03,1197.28000,5.00000000,s
2023-01-01 11:33:03,1197.27000,0.50000000,s
2023-01-01 11:33:03,1197.22000,2.60761618,s
2023-01-01 11:34:16,1198.21000,0.08345782,b
2023-01-01 11:35:08,1197.99000,0.22192534,s
2023-01-01 11:43:10,1197.26000,0.01669617,b
2023-01-01 11:43:36,1197.12000,0.01669826,b
2023-01-01 11:46:03,1196.94000,0.01670677,b
2023-01-01 11:46:03,1196.94000,0.04876741,b
2023-01-01 11:53:32,1197.58000,1.75500000,s
2023-01-01 11:54:36,1197.59000,0.01670021,b
2023-01-01 12:13:31,1198.30000,0.01100000,b
2023-01-01 12:13:31,1198.41000,4.46875000,b
2023-01-01 12:13:31,1198.57000,0.52025000,b
2023-01-01 12:18:18,1198.59000,0.10000000,b
2023-01-01 12:19:04,1198.93000,0.01471649,b
2023-01-01 12:19:05,1199.38000,0.03482039,b
2023-01-01 12:19:06,1199.48000,0.01755145,b
2023-01-01 12:26:12,1201.08000,0.01469015,b
2023-01-01 12:26:12,1201.85000,0.01100000,b
2023-01-01 12:26:12,1201.95000,0.01751536,b
2023-01-01 12:26:13,1202.41000,0.98525580,s
2023-01-01 12:26:13,1202.42000,0.25000000,s
2023-01-01 12:37:51,1200.97000,0.02344825,b
2023-01-01 12:46:39,1200.81000,0.07553245,b
2023-01-01 12:46:44,1200.65000,0.25000000,b
2023-01-01 12:52:59,1201.13000,0.25000000,b
2023-01-01 12:52:59,1201.14000,0.50000000,b
2023-01-01 12:52:59,1201.15000,0.50000000,b
2023-01-01 12:52:59,1201.16000,0.65000000,b
2023-01-01 13:00:21,1201.98000,0.11345828,s
2023-01-01 13:00:22,1201.99000,0.07950031,s
2023-01-01 13:11:20,1202.61000,0.05591271,s
2023-01-01 13:11:22,1202.62000,0.01388506,b
2023-01-01 13:11:22,1203.15000,0.04912914,b
2023-01-01 13:17:32,1202.02000,0.25238382,b
2023-01-01 13:17:32,1202.05000,0.04667211,b
2023-01-01 13:18:04,1201.90000,0.25000000,b
2023-01-01 13:18:04,1201.90000,0.89000000,b
2023-01-01 13:18:04,1201.91000,2.86000000,b
2023-01-01 13:22:07,1201.49000,0.10000000,s
2023-01-01 13:24:00,1201.39000,0.50000000,s
2023-01-01 13:24:00,1201.39000,0.21531459,s
2023-01-01 13:29:34,1201.69000,0.39943746,b
2023-01-01 14:00:33,1201.20000,0.15000000,b
2023-01-01 14:00:57,1201.20000,23.52594191,b
2023-01-01 14:01:08,1201.20000,1.37722746,b
2023-01-01 14:11:46,1202.28000,0.13000000,s
2023-01-01 14:12:10,1202.85000,0.05000000,b
2023-01-01 14:12:23,1202.32000,0.01200000,s
2023-01-01 14:17:00,1203.11000,0.06389000,s
2023-01-01 14:17:24,1203.22000,0.01330343,s
2023-01-01 14:17:34,1203.25000,0.01466377,b
2023-01-01 14:24:29,1203.01000,0.01222180,b
2023-01-01 14:30:35,1203.42000,0.25000000,s
2023-01-01 14:30:35,1203.41000,0.50000000,s
2023-01-01 14:30:35,1203.39000,0.50000000,s
2023-01-01 14:30:35,1203.38000,0.89000000,s
2023-01-01 14:30:35,1203.38000,0.35900000,s
2023-01-01 14:34:25,1202.18000,0.03733857,s
2023-01-01 14:34:47,1202.65000,0.03340000,s
2023-01-01 14:38:10,1203.06000,0.12979000,s
2023-01-01 14:39:13,1202.80000,0.25000000,s
2023-01-01 14:39:13,1202.79000,0.17193359,s
2023-01-01 14:41:31,1203.18000,0.89000000,b
2023-01-01 14:41:31,1203.31000,0.25238382,b
2023-01-01 14:41:31,1203.35000,0.25000000,b
2023-01-01 14:41:31,1203.36000,0.50000000,b
2023-01-01 14:41:31,1203.39000,0.10761618,b
2023-01-01 14:51:25,1202.04000,0.25000000,s
2023-01-01 14:51:25,1202.03000,0.25000000,s
2023-01-01 14:51:39,1202.21000,0.01000000,s
2023-01-01 14:51:39,1202.04000,0.25000000,s
2023-01-01 14:51:39,1202.03000,0.23105331,s
2023-01-01 14:54:46,1202.34000,0.18002685,b
2023-01-01 14:57:31,1201.98000,0.01996705,s
2023-01-01 14:57:31,1201.50000,0.06371295,s
2023-01-01 15:04:36,1201.78000,0.01068603,b
2023-01-01 15:12:34,1202.25000,0.25238382,b
2023-01-01 15:12:34,1202.47000,0.25000000,b
2023-01-01 15:12:34,1202.49000,4.49761618,b
2023-01-01 15:19:58,1203.25000,0.01312889,b
2023-01-01 15:38:14,1203.53000,0.25000000,b
2023-01-01 15:38:14,1203.54000,0.89000000,b
2023-01-01 15:38:14,1203.57000,5.00000000,b
2023-01-01 15:38:14,1203.57000,7.61517378,b
2023-01-01 15:38:14,1203.57000,1.20682622,b
2023-01-01 15:38:14,1203.58000,0.80472443,b
2023-01-01 15:38:14,1203.60000,0.25238382,b
2023-01-01 15:38:14,1203.62000,0.50000000,b
2023-01-01 15:38:14,1203.64000,0.50000000,b
2023-01-01 15:38:14,1203.66000,0.50000000,b
2023-01-01 15:38:14,1203.67000,0.50000000,b
2023-01-01 15:38:14,1203.69000,0.50000000,b
2023-01-01 15:38:14,1203.70000,0.50000000,b
2023-01-01 15:38:14,1203.73000,0.67516134,b
2023-01-01 15:38:14,1203.74000,0.50000000,b
2023-01-01 15:38:14,1203.76000,4.72054975,b
2023-01-01 15:38:27,1203.14000,0.26909453,s
2023-01-01 15:45:13,1202.42000,0.10684297,b
2023-01-01 15:46:59,1202.03000,0.02111030,s
2023-01-01 15:48:20,1202.37000,0.09241619,b
2023-01-01 15:48:21,1202.37000,0.10165397,b
2023-01-01 15:52:03,1202.24000,0.07745344,s
2023-01-01 15:59:01,1201.66000,0.25000000,b
2023-01-01 15:59:01,1201.67000,0.25238382,b
2023-01-01 15:59:01,1201.70000,0.50000000,b
2023-01-01 15:59:01,1201.76000,0.50000000,b
2023-01-01 15:59:01,1201.76000,5.00000000,b
2023-01-01 15:59:01,1201.76000,3.91092808,b
2023-01-01 15:59:01,1201.77000,0.50000000,b
2023-01-01 15:59:01,1201.78000,0.50000000,b
2023-01-01 15:59:01,1201.80000,0.50000000,b
2023-01-01 15:59:01,1201.81000,0.50000000,b
2023-01-01 15:59:01,1201.82000,0.68570193,b
2023-01-01 15:59:01,1201.82000,0.88295360,b
2023-01-01 15:59:01,1201.84000,0.50000000,b
2023-01-01 15:59:01,1201.85000,0.50000000,b
2023-01-01 15:59:01,1201.89000,0.74798101,b
2023-01-01 15:59:01,1201.94000,7.67717378,b
2023-01-01 15:59:01,1201.94000,1.14482622,b
2023-01-01 15:59:01,1201.95000,10.00000000,b
2023-01-01 15:59:01,1201.99000,20.80986456,b
2023-01-01 15:59:01,1201.99000,1.63818700,b
2023-01-01 15:59:58,1201.71000,0.03639174,b
2023-01-01 15:59:58,1201.71000,0.06520931,b
2023-01-01 16:02:10,1201.85000,0.50000000,b
2023-01-01 16:02:10,1201.87000,0.50000000,b
2023-01-01 16:02:10,1201.88000,0.25000000,b
2023-01-01 16:02:10,1201.89000,0.50000000,b
2023-01-01 16:02:10,1201.91000,0.50000000,b
2023-01-01 16:02:10,1201.93000,0.50000000,b
2023-01-01 16:02:10,1201.95000,0.25000000,b
2023-01-01 16:17:17,1201.73000,0.06700000,b
2023-01-01 16:25:46,1201.26000,0.04664863,s
2023-01-01 16:25:46,1201.25000,0.12306475,s
2023-01-01 16:43:35,1202.73000,0.25000000,b
2023-01-01 16:43:35,1202.74000,0.25238382,b
2023-01-01 16:43:35,1202.89000,0.05493080,b
2023-01-01 16:54:30,1202.81000,0.00604000,s
2023-01-01 16:54:49,1203.11000,0.01442418,b
2023-01-01 16:56:49,1202.80000,0.09553361,s
2023-01-01 17:12:48,1202.70000,0.00218720,b
2023-01-01 17:13:19,1202.64000,0.25238382,b
2023-01-01 17:13:19,1202.70000,0.25000000,b
2023-01-01 17:13:19,1202.71000,0.50000000,b
2023-01-01 17:13:19,1202.73000,0.48949994,b
2023-01-01 17:20:25,1202.46000,0.01526351,b
2023-01-01 17:27:08,1202.15000,0.25000000,s
2023-01-01 17:27:08,1202.14000,0.24706982,s
2023-01-01 17:27:43,1202.19000,0.13081690,s
2023-01-01 17:29:57,1202.16000,0.04044018,s
2023-01-01 17:29:57,1202.15000,0.25000000,s
2023-01-01 17:32:02,1202.08000,0.25000000,s
2023-01-01 17:32:02,1202.07000,0.02022009,s
2023-01-01 17:32:02,1202.05000,0.10544956,s
2023-01-01 17:32:02,1202.05000,0.89000000,s
2023-01-01 17:32:02,1201.96000,0.10000000,s
2023-01-01 17:32:02,1201.94000,0.10000000,s
2023-01-01 17:32:02,1201.93000,0.10000000,s
2023-01-01 17:32:02,1201.92000,0.10000000,s
2023-01-01 17:32:02,1201.91000,0.10000000,s
2023-01-01 17:32:02,1201.90000,0.10000000,s
2023-01-01 17:32:02,1201.89000,0.10000000,s
2023-01-01 17:32:02,1201.88000,0.10000000,s
2023-01-01 17:32:02,1201.87000,0.10000000,s
2023-01-01 17:32:02,1201.86000,0.10000000,s
2023-01-01 17:32:02,1201.86000,0.76932035,s
2023-01-01 17:39:23,1202.16000,0.25000000,s
2023-01-01 17:39:23,1202.15000,0.01011005,s
2023-01-01 17:39:23,1202.04000,0.89000000,s
2023-01-01 17:39:23,1202.02000,0.10000000,s
2023-01-01 17:39:23,1202.01000,0.10000000,s
2023-01-01 17:39:23,1202.00000,0.10000000,s
2023-01-01 17:39:23,1201.99000,0.10000000,s
2023-01-01 17:39:23,1201.98000,0.10000000,s
2023-01-01 17:39:23,1201.97000,0.10000000,s
2023-01-01 17:39:23,1201.96000,0.10000000,s
2023-01-01 17:39:23,1201.95000,0.10000000,s
2023-01-01 17:39:23,1201.95000,2.89137889,s
2023-01-01 17:39:23,1201.94000,0.10000000,s
2023-01-01 17:39:23,1201.94000,10.00000000,s
2023-01-01 17:39:23,1201.93000,0.10000000,s
2023-01-01 17:39:23,1201.93000,3.08621522,s
2023-01-01 17:39:23,1201.93000,5.00000000,s
2023-01-01 17:39:23,1201.92000,0.10000000,s
2023-01-01 17:39:23,1201.91000,0.10000000,s
2023-01-01 17:39:23,1201.90000,0.10000000,s
2023-01-01 17:39:23,1201.88000,0.10000000,s
2023-01-01 17:39:23,1201.87000,0.10000000,s
2023-01-01 17:39:23,1201.87000,17.50624724,s
2023-01-01 17:39:23,1201.86000,0.10000000,s
2023-01-01 17:39:23,1201.73000,20.81421676,s
2023-01-01 17:39:23,1201.71000,0.86838716,s
2023-01-01 17:39:23,1201.62000,0.95025439,s
2023-01-01 17:39:23,1201.61000,4.46875000,s
2023-01-01 17:39:23,1201.24000,1.73684473,s
2023-01-01 17:39:23,1201.21000,6.49935000,s
2023-01-01 17:39:23,1201.18000,0.10670812,s
2023-01-01 17:39:23,1201.16000,2.48331911,s
2023-01-01 17:39:23,1201.15000,2.48331911,s
2023-01-01 17:39:23,1200.98000,0.85489922,s
2023-01-01 17:49:22,1201.94000,0.20000000,s
2023-01-01 17:49:22,1201.93000,0.07170727,s
2023-01-01 18:14:00,1202.23000,0.00163895,b
2023-01-01 18:17:35,1202.31000,0.01000000,b
2023-01-01 18:19:19,1201.47000,0.09981451,b
2023-01-01 18:37:15,1199.83000,0.07261444,b
2023-01-01 19:08:28,1200.73000,0.01000000,b
2023-01-01 19:15:23,1199.95000,0.17032032,b
2023-01-01 19:20:03,1199.02000,0.04728183,b
2023-01-01 19:23:08,1198.87000,0.01000058,b
2023-01-01 19:23:46,1198.49000,0.01987962,s
2023-01-01 19:29:21,1198.38000,0.09250777,b
2023-01-01 19:35:31,1198.71000,0.02996051,b
2023-01-01 19:35:31,1198.71000,0.03879243,b
2023-01-01 19:35:31,1198.72000,0.01686049,b
2023-01-01 19:35:31,1198.72000,0.02996026,b
2023-01-01 19:36:21,1198.82000,0.12269215,b
2023-01-01 19:39:00,1197.75000,0.01036129,b
2023-01-01 19:48:03,1198.32000,0.25000000,s
2023-01-01 19:48:03,1198.31000,0.25238382,s
2023-01-01 19:48:03,1198.13000,0.50000000,s
2023-01-01 19:48:03,1198.13000,0.89378097,s
2023-01-01 19:55:35,1197.58000,0.03319361,s
2023-01-01 19:56:06,1197.58000,0.03319361,s
2023-01-01 19:56:29,1197.63000,0.03319361,s
2023-01-01 19:57:15,1198.10000,0.03319361,s
2023-01-01 19:59:12,1198.08000,0.05657407,b
2023-01-01 19:59:12,1198.09000,0.06125956,b
2023-01-01 20:05:07,1197.74000,0.02286134,s
2023-01-01 20:06:05,1197.58000,0.15000000,s
2023-01-01 20:06:08,1197.58000,0.15000000,s
2023-01-01 20:06:09,1197.58000,4.69560676,s
2023-01-01 20:06:12,1197.27000,0.01468728,s
2023-01-01 20:06:12,1197.00000,0.04177109,s
2023-01-01 20:06:12,1197.00000,0.21962278,s
2023-01-01 20:06:14,1196.66000,3.79069924,b
2023-01-01 20:06:14,1196.67000,0.25000000,b
2023-01-01 20:06:14,1196.67000,0.06668121,b
2023-01-01 20:06:16,1196.35000,8.39415221,b
2023-01-01 20:06:18,1195.68000,0.02526643,s
2023-01-01 20:06:18,1195.70000,0.66084769,s
2023-01-01 20:06:28,1195.97000,0.27261909,b
2023-01-01 20:06:29,1195.82000,0.08189847,s
2023-01-01 20:06:29,1195.82000,0.16810153,s
2023-01-01 20:06:29,1195.81000,0.36248616,s
2023-01-01 20:06:49,1195.96000,0.25000000,b
2023-01-01 20:06:49,1195.96000,0.02788364,b
2023-01-01 20:08:18,1195.67000,0.01751536,s
2023-01-01 20:08:18,1195.12000,0.01471370,s
2023-01-01 20:08:18,1194.85000,0.21541630,s
2023-01-01 20:08:51,1194.98000,0.05639031,s
2023-01-01 20:09:08,1195.12000,0.25000000,s
2023-01-01 20:09:08,1195.11000,0.89000000,s
2023-01-01 20:09:08,1195.06000,0.50000000,s
2023-01-01 20:09:08,1195.05000,4.05680400,s
2023-01-01 20:11:07,1195.73000,0.31645755,b
2023-01-01 20:16:35,1194.41000,4.18616721,s
2023-01-01 20:16:35,1194.00000,0.50400000,s
2023-01-01 20:16:35,1193.93000,0.01100000,s
2023-01-01 20:30:37,1195.84000,0.25000000,b
2023-01-01 20:30:37,1195.85000,0.50000000,b
2023-01-01 20:30:37,1195.87000,0.25000000,b
2023-01-01 20:37:51,1196.53000,0.03114790,b
2023-01-01 20:54:07,1195.76000,0.06309093,b
2023-01-01 21:00:29,1195.75000,1.67000000,s
2023-01-01 21:08:01,1195.64000,0.13000000,b
2023-01-01 21:15:27,1196.04000,0.25000000,s
2023-01-01 21:34:40,1196.40000,0.14609569,b
2023-01-01 21:40:02,1196.60000,0.04917203,b
2023-01-01 21:51:21,1196.82000,0.21000000,s
2023-01-01 22:00:20,1196.59000,0.25000000,s
2023-01-01 22:00:20,1196.58000,0.10350080,s
2023-01-01 22:00:20,1196.57000,0.24127572,s
2023-01-01 22:00:21,1196.53000,0.40485566,s
2023-01-01 22:00:30,1196.56000,0.25000000,s
2023-01-01 22:00:30,1196.55000,0.05175040,s
2023-01-01 22:00:30,1196.53000,0.09514434,s
2023-01-01 22:00:30,1196.51000,0.22957224,s
2023-01-01 22:00:30,1196.52000,0.07297519,s
2023-01-01 22:00:31,1196.52000,0.17702481,s
2023-01-01 22:00:31,1196.51000,0.15495855,s
2023-01-01 22:05:09,1196.99000,0.25000000,s
2023-01-01 22:05:09,1196.98000,1.12130079,s
2023-01-01 22:05:09,1196.96000,0.02587520,s
2023-01-01 22:05:09,1196.75000,5.00000000,s
2023-01-01 22:05:09,1196.74000,3.79069924,s
2023-01-01 22:05:09,1196.73000,10.00000000,s
2023-01-01 22:05:09,1196.69000,0.50000000,s
2023-01-01 22:05:09,1196.68000,0.50000000,s
2023-01-01 22:05:09,1196.67000,0.50000000,s
2023-01-01 22:05:09,1196.66000,0.25238382,s
2023-01-01 22:05:09,1196.65000,0.50000000,s
2023-01-01 22:05:09,1196.63000,0.50000000,s
2023-01-01 22:05:09,1196.61000,0.50000000,s
2023-01-01 22:05:09,1196.59000,0.50000000,s
2023-01-01 22:05:09,1196.57000,0.50000000,s
2023-01-01 22:05:09,1196.55000,0.50000000,s
2023-01-01 22:05:09,1196.54000,3.92510827,s
2023-01-01 22:05:09,1196.49000,2.99406649,s
2023-01-01 22:05:09,1196.48000,20.90395131,s
2023-01-01 22:05:09,1196.38000,0.87204825,s
2023-01-01 22:05:09,1196.23000,1.74440462,s
2023-01-01 22:05:09,1196.20000,0.80000000,s
2023-01-01 22:05:09,1196.10000,20.00000000,s
2023-01-01 22:05:09,1196.05000,20.91146827,s
2023-01-01 22:05:09,1196.00000,5.00000000,b
2023-01-01 22:05:09,1196.00000,5.00000000,b
2023-01-01 22:05:09,1196.00000,4.25210425,b
2023-01-01 22:05:10,1196.00000,0.15000000,b
2023-01-01 22:05:52,1196.00000,5.00000000,b
2023-01-01 22:05:52,1196.00000,5.00000000,b
2023-01-01 22:05:53,1196.00000,3.81987269,b
2023-01-01 22:16:42,1196.96000,0.05277236,b
2023-01-01 22:18:25,1196.71000,0.09246405,b
2023-01-01 22:18:25,1196.72000,0.00581084,b
2023-01-01 22:18:55,1196.71000,0.05605154,b
2023-01-01 22:30:34,1197.01000,0.03175614,b
2023-01-01 22:36:11,1197.27000,0.25000000,s
2023-01-01 22:36:11,1197.26000,0.50000000,s
2023-01-01 22:36:11,1197.25000,0.03500999,s
2023-01-01 22:53:44,1201.08000,0.01469016,b
2023-01-01 22:53:53,1201.85000,0.01100000,b
2023-01-01 22:54:03,1201.95000,0.01751536,b
2023-01-01 22:54:03,1202.04000,0.08664885,b
2023-01-01 22:56:06,1201.98000,0.03106692,s
2023-01-01 23:00:49,1202.61000,0.03448087,b
2023-01-01 23:01:59,1201.86000,0.01697356,s
2023-01-01 23:02:19,1202.20000,0.03589208,b
2023-01-01 23:10:05,1200.85000,0.01810384,b
2023-01-01 23:16:02,1200.84000,0.07347737,b
2023-01-01 23:16:52,1200.68000,0.50000000,b
2023-01-01 23:16:52,1200.69000,0.49614597,b
2023-01-01 23:19:13,1200.31000,0.06600000,b
2023-01-01 23:20:12,1200.29000,0.03102978,b
2023-01-01 23:27:55,1200.51000,0.09954677,b
2023-01-01 23:38:19,1201.22000,0.05000000,b
2023-01-01 23:39:07,1200.83000,0.04000000,b
2023-01-01 23:39:09,1200.40000,0.09954000,s
2023-01-01 23:44:52,1200.21000,0.01600000,s
2023-01-01 23:47:36,1201.07000,0.04828166,b
2023-01-01 23:51:08,1200.93000,0.11656467,b
2023-01-01 23:51:25,1200.95000,0.25000000,s
2023-01-01 23:51:25,1200.94000,0.00755913,s
2023-01-02 00:07:55,1201.47000,0.02081703,b
2023-01-02 00:16:42,1200.30000,0.25000000,s
2023-01-02 00:16:42,1200.29000,0.25000000,s
2023-01-02 00:29:09,1201.79000,0.30742320,b
2023-01-02 00:31:29,1201.39000,0.04038094,b
2023-01-02 00:31:38,1200.99000,0.25000000,s
2023-01-02 00:31:38,1200.98000,0.50000000,s
2023-01-02 00:31:38,1200.96000,0.50000000,s
2023-01-02 00:31:38,1200.67000,0.25238382,s
2023-01-02 00:31:38,1200.67000,5.00000000,s
2023-01-02 00:31:38,1200.66000,2.86228038,s
2023-01-02 00:31:42,1201.27000,0.00609618,b
2023-01-02 00:56:13,1201.98000,0.16000000,s
2023-01-02 01:19:21,1202.50000,0.13500000,s
2023-01-02 01:38:17,1201.51000,0.01289869,s
2023-01-02 01:39:05,1200.69000,0.09183205,s
2023-01-02 02:14:28,1203.25000,0.01466377,b
2023-01-02 02:14:31,1204.00000,0.50000000,b
2023-01-02 02:14:31,1204.00000,0.07378404,b
2023-01-02 02:14:34,1204.38000,0.02475413,b
2023-01-02 02:14:38,1204.42000,0.01747939,b
2023-01-02 02:14:39,1205.00000,1.00000000,b
2023-01-02 02:14:39,1205.30000,1.00000000,b
2023-01-02 02:14:39,1205.40000,0.01463761,b
2023-01-02 02:14:39,1205.40000,0.01096239,b
2023-01-02 02:14:40,1205.40000,0.00003761,b
2023-01-02 02:14:41,1206.23000,0.33178774,b
2023-01-02 02:14:49,1206.91000,0.01744000,b
2023-01-02 02:14:50,1206.91000,0.00000343,b
2023-01-02 02:14:50,1207.09000,0.01327657,b
2023-01-02 02:14:50,1207.09000,0.00000822,b
2023-01-02 02:14:50,1207.20000,0.33158000,b
2023-01-02 02:15:09,1207.09000,0.22645746,b
2023-01-02 02:15:12,1206.85000,0.25000000,b
2023-01-02 02:15:12,1207.07000,0.36141353,b
2023-01-02 02:15:37,1207.57000,0.01461130,b
2023-01-02 02:15:37,1208.01000,0.50000000,b
2023-01-02 02:15:37,1208.19000,0.03835532,b
2023-01-02 02:15:37,1208.74000,0.25391014,b
2023-01-02 02:15:37,1208.75000,0.98803795,b
2023-01-02 02:15:41,1208.99000,0.01381198,b
2023-01-02 02:15:41,1209.00000,0.30000000,b
2023-01-02 02:15:41,1209.02000,0.03448802,b
2023-01-02 02:15:42,1209.02000,0.00005483,b
2023-01-02 02:15:42,1209.39000,0.01740763,b
2023-01-02 02:15:42,1209.58000,1.00000000,b
2023-01-02 02:15:42,1209.73000,0.01458520,b
2023-01-02 02:15:43,1210.00000,0.15532211,b
2023-01-02 02:15:43,1210.36000,0.02940000,b
2023-01-02 02:15:43,1210.36000,0.00004690,b
2023-01-02 02:15:43,1210.78000,0.19185310,b
2023-01-02 02:15:43,1210.78000,0.00004690,b
2023-01-02 02:15:43,1210.87000,0.19195310,b
2023-01-02 02:15:43,1210.87000,0.00004690,b
2023-01-02 02:15:43,1211.41000,0.80000000,b
2023-01-02 02:15:43,1211.53000,0.23438692,b
2023-01-02 02:15:44,1211.88000,0.01737182,b
2023-01-02 02:15:44,1211.91000,0.01455896,b
2023-01-02 02:15:44,1212.06000,0.18460000,b
2023-01-02 02:15:44,1211.24000,0.03094910,s
2023-01-02 02:15:44,1212.29000,0.01032070,b
2023-01-02 02:15:44,1212.29000,0.02220823,b
2023-01-02 02:15:44,1212.29000,0.01032070,b
2023-01-02 02:15:44,1212.29000,0.24852190,b
2023-01-02 02:15:44,1212.29000,0.02489382,b
2023-01-02 02:15:44,1212.29000,0.02492763,b
2023-01-02 02:15:44,1212.29000,0.02491071,b
2023-01-02 02:15:44,1212.29000,0.02492763,b
2023-01-02 02:15:44,1212.29000,0.02490133,b
2023-01-02 02:15:44,1212.29000,0.02492764,b
2023-01-02 02:15:45,1212.94000,0.15598778,b
2023-01-02 02:15:45,1213.19000,0.04200079,b
2023-01-02 02:15:45,1212.88000,3.66828001,s
2023-01-02 02:15:45,1213.19000,0.01101607,b
2023-01-02 02:15:45,1213.30000,0.01328479,b
2023-01-02 02:15:45,1213.77000,0.09290338,b
2023-01-02 02:15:45,1213.77000,0.01345095,b
2023-01-02 02:15:47,1213.30000,0.02430086,s
2023-01-02 02:15:48,1211.92000,13.69099521,b
2023-01-02 02:15:48,1213.01000,0.17170011,b
2023-01-02 02:15:49,1212.25000,0.06682593,s
2023-01-02 02:15:49,1213.35000,0.23647107,b
2023-01-02 02:15:49,1212.91000,0.23655686,b
2023-01-02 02:15:49,1212.91000,0.23745495,b
2023-01-02 02:15:49,1212.91000,0.06414360,b
2023-01-02 02:15:50,1212.88000,0.23655686,b
2023-01-02 02:15:50,1212.88000,0.05283107,b
2023-01-02 02:15:50,1212.88000,0.03291581,b
2023-01-02 02:15:50,1211.81000,0.01100000,s
2023-01-02 02:15:56,1212.04000,0.01000000,s
2023-01-02 02:15:57,1213.34000,0.26718317,b
2023-01-02 02:16:00,1213.05000,0.50000000,s
2023-01-02 02:16:01,1213.20000,0.24283524,b
2023-01-02 02:16:01,1213.20000,0.24313140,b
2023-01-02 02:16:01,1213.20000,0.24284295,b
2023-01-02 02:16:01,1213.20000,0.16119041,b
2023-01-02 02:16:01,1214.02000,0.13021740,b
2023-01-02 02:16:01,1214.02000,0.36978260,b
2023-01-02 02:16:01,1214.08000,0.01453292,b
2023-01-02 02:16:01,1214.30000,0.25642422,b
2023-01-02 02:16:01,1213.20000,0.16119041,b
2023-01-02 02:16:02,1214.28000,0.07056668,b
2023-01-02 02:16:03,1213.70000,9.98999993,s
2023-01-02 02:16:04,1213.70000,0.01000007,s
2023-01-02 02:16:04,1213.68000,0.25212135,s
2023-01-02 02:16:04,1214.37000,0.01733615,b
2023-01-02 02:16:04,1214.34000,0.25238382,s
2023-01-02 02:16:04,1213.60000,0.07910646,s
2023-01-02 02:16:04,1213.59000,0.50000000,s
2023-01-02 02:16:04,1213.59000,1.07873247,s
2023-01-02 02:16:04,1214.12000,1.09906889,s
2023-01-02 02:16:08,1214.32000,0.02456778,b
2023-01-02 02:16:10,1214.34000,0.25210000,b
2023-01-02 02:16:11,1214.34000,0.00003136,b
2023-01-02 02:16:11,1215.06000,0.01656864,b
2023-01-02 02:16:11,1215.06000,0.00012753,b
2023-01-02 02:16:11,1215.11000,0.32937247,b
2023-01-02 02:16:11,1215.11000,0.00022461,b
2023-01-02 02:16:11,1215.39000,0.01347539,b
2023-01-02 02:16:11,1215.11000,1.99823026,s
2023-01-02 02:16:12,1215.39000,0.00026381,b
2023-01-02 02:16:12,1216.01000,0.01885705,b
2023-01-02 02:16:12,1216.18000,0.02510679,b
2023-01-02 02:16:12,1216.26000,0.01450687,b
2023-01-02 02:16:12,1216.88000,0.01730049,b
2023-01-02 02:16:12,1217.01000,0.01189951,b
2023-01-02 02:16:12,1217.01000,0.01738655,b
2023-01-02 02:16:12,1217.32000,0.15861345,b
2023-01-02 02:16:12,1217.32000,0.01738655,b
2023-01-02 02:16:12,1217.76000,0.32885556,b
2023-01-02 02:16:12,1217.92000,0.03774468,b
2023-01-02 02:16:12,1218.00000,6.12383858,b
2023-01-02 02:16:12,1218.44000,0.01448089,b
2023-01-02 02:16:12,1218.62000,0.16529099,b
2023-01-02 02:16:12,1218.74000,0.03399413,b
2023-01-02 02:16:12,1217.71000,0.80000000,b
2023-01-02 02:16:13,1218.54000,10.00000000,s
2023-01-02 02:16:14,1219.31000,0.80000000,b
2023-01-02 02:16:14,1219.37000,0.26717774,b
2023-01-02 02:16:14,1219.38000,0.01726498,b
2023-01-02 02:16:14,1219.40000,1.00000000,b
2023-01-02 02:16:14,1219.42000,0.01640124,b
2023-01-02 02:16:14,1219.55000,0.01328479,b
2023-01-02 02:16:14,1219.77000,0.18390000,b
2023-01-02 02:16:14,1220.63000,0.01445491,b
2023-01-02 02:16:14,1220.83000,0.04000000,b
2023-01-02 02:16:14,1221.00000,0.30000000,b
2023-01-02 02:16:14,1221.80000,0.46164509,b
2023-01-02 02:16:15,1217.25000,0.01075825,s
2023-01-02 02:16:17,1217.25000,0.15933356,s
2023-01-02 02:16:17,1217.25000,0.00180819,s
2023-01-02 02:16:17,1215.39000,0.00894790,s
2023-01-02 02:16:17,1215.40000,0.01074648,s
2023-01-02 02:16:22,1215.48000,0.08969040,s
2023-01-02 02:16:23,1215.48000,0.01022640,s
2023-01-02 02:16:23,1215.48000,0.01001841,s
2023-01-02 02:16:24,1215.48000,0.01017881,s
2023-01-02 02:16:25,1215.48000,0.01100000,s
2023-01-02 02:16:26,1215.48000,0.04568598,s
2023-01-02 02:16:26,1215.48000,0.16230000,s
2023-01-02 02:16:26,1215.40000,0.01000000,s
2023-01-02 02:16:53,1215.40000,0.01000000,b
2023-01-02 02:17:01,1215.71000,0.50000000,s
2023-01-02 02:17:01,1215.73000,0.01256207,s
2023-01-02 02:17:02,1215.99000,0.01000000,s
2023-01-02 02:17:10,1216.52000,0.01233562,b
2023-01-02 02:17:19,1215.50000,1.00000000,s
2023-01-02 02:18:06,1214.88000,0.50000000,b
2023-01-02 02:18:10,1214.57000,0.01000000,s
2023-01-02 02:18:17,1214.57000,0.00447808,s
2023-01-02 02:18:17,1213.80000,0.00552192,s
2023-01-02 02:22:27,1214.13000,0.04941810,s
2023-01-02 02:22:36,1213.06000,0.25238382,b
2023-01-02 02:22:36,1213.23000,0.50000000,b
2023-01-02 02:22:36,1213.24000,0.24761618,b
2023-01-02 02:22:55,1213.01000,0.01726498,s
2023-01-02 02:22:55,1212.39000,0.01450411,s
2023-01-02 02:22:55,1212.24000,0.01180691,s
2023-01-02 02:31:21,1213.73000,0.01355584,b
2023-01-02 02:35:45,1212.33000,2.00000000,b
2023-01-02 02:44:11,1214.09000,0.50000000,s
2023-01-02 02:44:11,1214.08000,0.12549063,s
2023-01-02 02:44:46,1215.01000,0.50000000,b
2023-01-02 02:44:46,1215.04000,0.32168655,b
2023-01-02 02:45:03,1214.76000,0.25000000,s
2023-01-02 02:45:03,1214.75000,0.25000000,s
2023-01-02 02:45:57,1214.97000,0.02164999,b
2023-01-02 02:50:21,1214.37000,0.25000000,b
2023-01-02 02:50:21,1214.38000,0.25000000,b
2023-01-02 02:54:28,1213.56000,0.04115328,b
2023-01-02 02:59:08,1213.25000,0.25000000,b
2023-01-02 02:59:08,1213.26000,0.10690870,b
2023-01-02 02:59:17,1213.21000,0.10690870,b
2023-01-02 02:59:17,1213.22000,0.25238382,b
2023-01-02 02:59:17,1213.25000,0.25000000,b
2023-01-02 02:59:17,1213.33000,0.89000000,b
2023-01-02 02:59:17,1213.34000,0.73390401,b
2023-01-02 02:59:17,1213.34000,0.89691499,b
2023-01-02 02:59:23,1213.42000,0.25000000,b
2023-01-02 02:59:23,1213.43000,0.50000000,b
2023-01-02 02:59:23,1213.51000,0.25238382,b
2023-01-02 02:59:23,1213.52000,2.99761618,b
2023-01-02 03:00:53,1213.52000,0.13521645,b
2023-01-02 03:03:02,1213.47000,0.01030104,b
2023-01-02 03:05:22,1214.40000,3.00000000,b
2023-01-02 03:05:22,1214.40000,0.34846668,b
2023-01-02 03:08:10,1214.19000,0.01000000,b
2023-01-02 03:09:07,1214.32000,2.78266515,s
2023-01-02 03:09:22,1214.31000,0.21733484,s
2023-01-02 03:13:21,1214.21000,0.01646267,b
2023-01-02 03:18:06,1215.02000,0.04736884,b
2023-01-02 03:18:11,1214.96000,0.04737118,b
2023-01-02 03:21:04,1215.15000,0.25000000,b
2023-01-02 03:21:04,1215.16000,0.50000000,b
2023-01-02 03:21:04,1215.18000,0.50000000,b
2023-01-02 03:21:04,1215.22000,0.50000000,b
2023-01-02 03:21:04,1215.23000,0.25000000,b
2023-01-02 03:21:09,1215.46000,0.25000000,b
2023-01-02 03:21:09,1215.47000,1.21019720,b
2023-01-02 03:21:09,1215.49000,0.54764680,b
2023-01-02 03:26:21,1215.86000,0.25000000,s
2023-01-02 03:26:21,1215.85000,0.22369000,s
2023-01-02 03:34:54,1216.00000,0.37261759,b
2023-01-02 03:35:04,1216.00000,0.13138241,b
2023-01-02 03:35:05,1216.06000,0.01100000,b
2023-01-02 03:48:21,1216.37000,0.89000000,s
2023-01-02 03:48:21,1216.33000,0.41107276,s
2023-01-02 03:48:21,1216.33000,10.00000000,s
2023-01-02 03:50:55,1215.80000,0.50000000,b
2023-01-02 03:50:55,1215.82000,0.40272721,b
2023-01-02 03:50:56,1215.56000,0.50000000,s
2023-01-02 03:50:56,1215.55000,0.25000000,s
2023-01-02 03:50:56,1215.55000,0.42728561,s
2023-01-02 04:00:25,1216.12000,0.02057505,b
2023-01-02 04:01:24,1216.25000,0.14309211,b
2023-01-02 04:03:29,1215.89000,0.11255204,b
2023-01-02 04:04:43,1216.23000,0.25000000,b
2023-01-02 04:04:43,1216.24000,0.89000000,b
2023-01-02 04:04:43,1216.26000,0.58757202,b
2023-01-02 04:05:25,1216.53000,0.01233553,b
2023-01-02 04:06:49,1217.81000,0.25000000,b
2023-01-02 04:06:49,1217.82000,0.89000000,b
2023-01-02 04:06:49,1217.85000,0.50000000,b
2023-01-02 04:06:49,1217.87000,0.85943949,b
2023-01-02 04:06:49,1217.91000,0.50000000,b
2023-01-02 04:06:49,1217.92000,1.09259009,b
2023-01-02 04:07:27,1217.67000,0.02958094,b
2023-01-02 04:08:17,1217.92000,0.01000000,b
2023-01-02 04:14:26,1217.01000,0.25000000,b
2023-01-02 04:14:26,1217.02000,0.50000000,b
2023-01-02 04:14:26,1217.04000,0.89000000,b
2023-01-02 04:14:26,1217.10000,2.22184211,b
2023-01-02 04:15:00,1217.05000,0.02713816,b
2023-01-02 04:19:26,1218.44000,0.01448090,b
2023-01-02 04:19:26,1218.73000,0.25000000,b
2023-01-02 04:19:26,1218.93000,0.23989974,b
2023-01-02 04:19:26,1218.94000,1.80596419,b
2023-01-02 04:19:55,1218.64000,0.01642036,b
2023-01-02 04:20:23,1218.28000,0.06566527,b
2023-01-02 04:21:43,1218.44000,0.25000000,b
2023-01-02 04:21:43,1218.45000,0.50000000,b
2023-01-02 04:21:43,1218.47000,0.50000000,b
2023-01-02 04:21:43,1218.49000,0.50000000,b
2023-01-02 04:21:43,1218.50000,0.68185550,b
2023-01-02 04:22:10,1218.51000,0.01724138,b
2023-01-02 04:25:09,1217.67000,0.04828000,s
2023-01-02 04:26:05,1217.86000,0.15119145,b
2023-01-02 04:29:51,1217.45000,0.04762981,b
2023-01-02 04:29:51,1217.45000,0.04762981,b
2023-01-02 04:30:47,1217.37000,0.16816988,b
2023-01-02 04:31:11,1217.19000,0.01644000,s
2023-01-02 04:31:25,1217.51000,0.08136553,b
2023-01-02 04:37:24,1219.38000,0.01726498,b
2023-01-02 04:37:24,1219.57000,0.04343502,b
2023-01-02 04:37:31,1219.13000,0.04000000,s
2023-01-02 04:37:40,1219.59000,0.01000000,b
2023-01-02 04:44:31,1217.71000,0.25000000,s
2023-01-02 04:44:31,1217.70000,0.75000000,s
2023-01-02 04:53:40,1217.26000,0.25000000,b
2023-01-02 04:53:40,1217.27000,0.25238382,b
2023-01-02 04:53:40,1217.39000,0.24358139,b
2023-01-02 04:53:40,1217.40000,0.25238382,b
2023-01-02 04:53:40,1217.48000,4.00165097,b
2023-01-02 04:53:40,1217.39000,0.25238382,b
2023-01-02 04:53:40,1217.48000,0.25000000,b
2023-01-02 04:53:40,1217.46000,0.23482756,b
2023-01-02 04:53:41,1217.44000,0.25000000,b
2023-01-02 04:53:41,1217.45000,0.25058680,b
2023-01-02 04:53:41,1217.46000,0.25000000,b
2023-01-02 04:53:41,1217.47000,0.64770566,b
2023-01-02 04:53:50,1217.24000,0.07044187,b
2023-01-02 04:53:50,1217.24000,0.08595444,b
2023-01-02 04:54:41,1217.47000,0.25000000,b
2023-01-02 04:54:41,1217.47000,0.25000000,b
2023-01-02 04:54:41,1217.48000,0.25238382,b
2023-01-02 04:54:42,1217.49000,0.25238382,b
2023-01-02 04:54:42,1217.50000,0.25238382,b
2023-01-02 04:54:43,1217.50000,0.25000000,b
2023-01-02 04:54:43,1217.51000,0.25238382,b
2023-01-02 04:54:44,1217.51000,0.25000000,b
2023-01-02 04:54:46,1217.51000,0.25000000,b
2023-01-02 04:54:47,1217.51000,0.25000000,b
2023-01-02 04:54:49,1217.51000,0.25000000,b
2023-01-02 04:54:50,1217.51000,0.25000000,b
2023-01-02 04:54:52,1217.51000,0.25000000,b
2023-01-02 04:54:53,1217.51000,0.25000000,b
2023-01-02 04:54:55,1217.51000,0.25000000,b
2023-01-02 04:54:56,1217.51000,0.25000000,b
2023-01-02 04:54:57,1217.51000,0.25000000,b
2023-01-02 04:54:59,1217.51000,0.25000000,b
2023-01-02 04:55:00,1217.51000,0.25000000,b
2023-01-02 04:55:02,1217.51000,0.25000000,b
2023-01-02 04:55:02,1217.51000,0.05470462,b
2023-01-02 04:55:03,1217.51000,0.25000000,b
2023-01-02 04:55:04,1217.51000,0.02582466,b
2023-01-02 04:55:04,1217.51000,0.26205771,b
2023-01-02 04:55:04,1217.51000,0.25000000,b
2023-01-02 04:55:05,1217.51000,0.50000000,b
2023-01-02 04:55:05,1217.51000,0.50000000,b
2023-01-02 04:55:06,1217.49000,0.25000000,b
2023-01-02 04:55:06,1217.50000,0.20869873,b
2023-01-02 04:55:06,1217.51000,0.07494740,b
2023-01-02 04:55:09,1217.49000,0.25000000,b
2023-01-02 04:55:09,1217.50000,0.50000000,b
2023-01-02 04:55:10,1217.51000,0.50000000,b
2023-01-02 04:55:10,1217.51000,0.25000000,b
2023-01-02 04:55:11,1217.50000,0.50000000,b
2023-01-02 04:55:11,1217.51000,0.25000000,b
2023-01-02 04:55:12,1217.51000,0.50000000,b
2023-01-02 04:55:13,1217.50000,0.50000000,b
2023-01-02 04:55:13,1217.51000,0.25000000,b
2023-01-02 04:55:14,1217.51000,0.25000000,b
2023-01-02 04:55:15,1217.51000,0.25000000,b
2023-01-02 04:55:17,1217.51000,0.25000000,b
2023-01-02 04:55:18,1217.51000,0.25000000,b
2023-01-02 04:55:19,1217.51000,0.25000000,b
2023-01-02 04:55:21,1217.51000,0.25000000,b
2023-01-02 04:55:22,1217.51000,0.25000000,b
2023-01-02 04:55:23,1217.51000,0.25000000,b
2023-01-02 04:55:26,1217.51000,0.25000000,b
2023-01-02 04:55:28,1217.51000,0.25000000,b
2023-01-02 04:55:31,1217.50000,0.25000000,b
2023-01-02 04:55:32,1217.50000,0.25000000,b
2023-01-02 04:55:32,1217.51000,0.50000000,b
2023-01-02 04:55:35,1217.51000,0.13525285,b
2023-01-02 04:55:38,1217.51000,0.11474715,b
2023-01-02 04:55:40,1217.51000,0.25000000,b
2023-01-02 04:56:54,1217.70000,0.04740677,b
2023-01-02 04:57:38,1217.50000,0.26422940,b
2023-01-02 04:57:38,1217.51000,0.25000000,b
2023-01-02 04:57:39,1217.51000,0.26246779,b
2023-01-02 04:57:40,1217.51000,0.25000000,b
2023-01-02 04:57:40,1217.51000,0.20332405,b
2023-01-02 04:57:41,1217.51000,0.25000000,b
2023-01-02 04:57:41,1217.51000,0.24300495,b
2023-01-02 04:57:42,1217.51000,0.25000000,b
2023-01-02 04:57:42,1217.51000,0.28241674,b
2023-01-02 04:57:43,1217.51000,0.25000000,b
2023-01-02 04:57:44,1217.51000,0.20006933,b
2023-01-02 04:57:45,1217.51000,0.25000000,b
2023-01-02 04:57:45,1217.51000,0.23160933,b
2023-01-02 04:57:46,1217.51000,0.25000000,b
2023-01-02 04:58:41,1217.59000,0.05030181,b
2023-01-02 04:59:16,1217.37000,0.25000000,b
2023-01-02 04:59:16,1217.38000,0.25238382,b
2023-01-02 04:59:17,1217.42000,0.25238382,b
2023-01-02 04:59:18,1217.46000,0.25000000,b
2023-01-02 04:59:18,1217.47000,0.25238382,b
2023-01-02 04:59:18,1217.50000,0.25238382,b
2023-01-02 04:59:19,1217.51000,0.25000000,b
2023-01-02 04:59:21,1217.51000,0.25000000,b
2023-01-02 04:59:22,1217.51000,0.25000000,b
2023-01-02 04:59:22,1217.51000,0.22441498,b
2023-01-02 04:59:24,1217.48000,0.25000000,b
2023-01-02 04:59:24,1217.49000,0.50000000,b
2023-01-02 04:59:24,1217.50000,0.25000000,b
2023-01-02 04:59:24,1217.51000,0.21343618,b
2023-01-02 04:59:25,1217.50000,0.25000000,b
2023-01-02 04:59:27,1217.51000,0.25000000,b
2023-01-02 04:59:28,1217.51000,0.25000000,b
2023-01-02 04:59:28,1217.51000,0.29938998,b
2023-01-02 04:59:30,1217.51000,0.25000000,b
2023-01-02 04:59:31,1217.51000,0.25000000,b
2023-01-02 04:59:33,1217.51000,0.25000000,b
2023-01-02 04:59:34,1217.51000,0.25000000,b
2023-01-02 04:59:36,1217.51000,0.25000000,b
2023-01-02 04:59:37,1217.51000,0.25000000,b
2023-01-02 04:59:39,1217.51000,0.25000000,b
2023-01-02 04:59:40,1217.51000,0.25000000,b
2023-01-02 04:59:42,1217.51000,0.25000000,b
2023-01-02 04:59:43,1217.51000,0.25000000,b
2023-01-02 05:00:08,1217.38000,0.01377000,s
2023-01-02 05:00:12,1217.82000,0.04736892,b
2023-01-02 05:00:20,1217.23000,0.25238382,b
2023-01-02 05:00:21,1217.31000,0.25238382,b
2023-01-02 05:00:21,1217.31000,0.25000000,b
2023-01-02 05:00:21,1217.32000,0.25238382,b
2023-01-02 05:00:25,1216.88000,0.04729644,b
2023-01-02 05:06:38,1218.43000,0.01000000,b
2023-01-02 05:07:18,1217.99000,0.19642261,s
2023-01-02 05:09:06,1218.70000,2.48719919,b
2023-01-02 05:09:06,1218.70000,7.51280081,b
2023-01-02 05:09:08,1219.61000,0.01100000,b
2023-01-02 05:09:08,1220.00000,5.00000000,b
2023-01-02 05:09:08,1220.63000,0.01445491,b
2023-01-02 05:09:08,1221.82000,0.01366685,b
2023-01-02 05:09:08,1221.89000,0.01722947,b
2023-01-02 05:09:08,1222.00000,0.09250777,b
2023-01-02 05:09:09,1222.50000,0.03128553,s
2023-01-02 05:09:09,1222.82000,0.01442902,b
2023-01-02 05:09:09,1222.93000,0.04740103,b
2023-01-02 05:09:09,1223.01000,0.02496657,b
2023-01-02 05:09:10,1223.68000,0.05628914,b
2023-01-02 05:09:10,1223.68000,0.02625930,b
2023-01-02 05:09:10,1223.68000,0.03277071,b
2023-01-02 05:09:11,1223.68000,0.06192468,b
2023-01-02 05:09:11,1223.68000,0.07727162,b
2023-01-02 05:09:11,1223.67000,0.27633948,b
2023-01-02 05:09:11,1223.67000,0.50000000,b
2023-01-02 05:09:11,1223.68000,0.63548455,b
2023-01-02 05:09:11,1223.68000,3.58817597,b
2023-01-02 05:09:11,1223.68000,0.03277071,b
2023-01-02 05:09:16,1220.73000,0.01563987,b
2023-01-02 05:09:23,1220.16000,0.01000000,s
2023-01-02 05:11:55,1220.92000,0.80000000,b
2023-01-02 05:16:01,1220.40000,0.17000000,s
2023-01-02 05:20:13,1218.88000,0.01598267,b
2023-01-02 05:20:13,1219.13000,0.25000000,b
2023-01-02 05:20:13,1219.22000,0.50000000,b
2023-01-02 05:20:13,1219.23000,0.20372904,b
2023-01-02 05:21:04,1218.75000,0.25000000,b
2023-01-02 05:21:04,1218.76000,0.15419224,b
2023-01-02 05:30:14,1218.42000,0.03000000,s
2023-01-02 05:31:07,1218.95000,0.06500000,s
2023-01-02 05:35:55,1218.37000,0.01000000,b
2023-01-02 05:36:25,1218.70000,0.19215999,b
2023-01-02 05:41:01,1217.26000,0.00821517,b
2023-01-02 05:47:39,1217.98000,0.08203445,b
2023-01-02 05:48:17,1218.05000,0.25000000,b
2023-01-02 05:48:17,1218.06000,0.25238382,b
2023-01-02 05:48:17,1218.09000,1.37501968,b
2023-01-02 05:48:48,1218.01000,0.25000000,b
2023-01-02 05:48:48,1218.02000,0.25238382,b
2023-01-02 05:48:48,1218.20000,1.37479638,b
2023-01-02 05:49:49,1218.09000,0.08915276,b
2023-01-02 05:50:01,1218.09000,0.16084724,b
2023-01-02 05:50:01,1218.10000,0.25238382,b
2023-01-02 05:50:01,1218.19000,0.22486454,b
2023-01-02 05:50:01,1218.20000,2.13016137,b
2023-01-02 05:54:26,1218.02000,0.03000000,s
2023-01-02 05:59:41,1218.03000,0.02592679,b
2023-01-02 06:00:09,1218.03000,0.02185165,b
2023-01-02 06:03:45,1218.02000,0.07132874,s
2023-01-02 06:03:45,1217.14000,0.06481787,s
2023-01-02 06:03:45,1217.13000,0.25000000,s
2023-01-02 06:03:45,1216.90000,0.02535739,s
2023-01-02 06:04:32,1217.49000,0.25000000,b
2023-01-02 06:04:32,1217.50000,0.25238382,b
2023-01-02 06:04:32,1217.64000,0.26150194,b
2023-01-02 06:04:32,1217.65000,1.11391594,b
2023-01-02 06:05:53,1217.43000,0.25000000,b
2023-01-02 06:05:53,1217.44000,0.06866862,b
2023-01-02 06:05:53,1217.45000,0.25000000,b
2023-01-02 06:05:53,1217.46000,1.30940824,b
2023-01-02 06:07:44,1217.26000,0.04740786,b
2023-01-02 06:08:38,1217.40000,0.07278059,b
2023-01-02 06:09:28,1217.00000,0.89000000,s
2023-01-02 06:09:28,1216.97000,10.06753571,s
2023-01-02 06:09:28,1216.76000,0.50000000,s
2023-01-02 06:09:28,1216.75000,0.01445214,s
2023-01-02 06:09:28,1216.75000,0.50000000,s
2023-01-02 06:09:28,1216.74000,0.50000000,s
2023-01-02 06:09:28,1216.73000,0.50000000,s
2023-01-02 06:09:28,1216.73000,0.25000000,s
2023-01-02 06:09:28,1216.62000,0.50000000,s
2023-01-02 06:09:28,1216.61000,0.50000000,s
2023-01-02 06:09:28,1216.61000,5.00000000,s
2023-01-02 06:09:28,1216.59000,0.50000000,s
2023-01-02 06:09:28,1216.58000,0.08824215,s
2023-01-02 06:11:18,1217.44000,0.01000000,b
2023-01-02 06:11:18,1217.16000,0.01000000,s
2023-01-02 06:14:33,1217.53000,0.25000000,b
2023-01-02 06:14:33,1217.54000,0.50000000,b
2023-01-02 06:14:33,1217.56000,0.50000000,b
2023-01-02 06:14:33,1217.58000,0.50000000,b
2023-01-02 06:14:33,1217.60000,0.50000000,b
2023-01-02 06:14:33,1217.61000,0.50000000,b
2023-01-02 06:14:33,1217.62000,0.50000000,b
2023-01-02 06:14:33,1217.64000,0.50000000,b
2023-01-02 06:14:33,1217.65000,0.50000000,b
2023-01-02 06:14:33,1217.66000,0.25238382,b
2023-01-02 06:14:33,1217.72000,0.92201621,b
2023-01-02 06:14:33,1217.74000,2.74700859,b
2023-01-02 06:14:36,1217.48000,0.01000000,b
2023-01-02 06:14:38,1217.45000,0.01000000,s
2023-01-02 06:15:34,1217.47000,0.01000000,b
2023-01-02 06:15:36,1217.23000,0.01000000,s
2023-01-02 06:16:52,1217.36000,0.01000000,b
2023-01-02 06:16:53,1217.15000,0.01000000,s
2023-01-02 06:17:31,1217.34000,0.01000000,b
2023-01-02 06:17:35,1217.16000,0.01000000,s
2023-01-02 06:17:52,1216.52000,0.01000000,b
2023-01-02 06:17:54,1216.44000,0.01000000,s
2023-01-02 06:18:13,1216.77000,0.03703308,b
2023-01-02 06:19:02,1216.02000,0.25000000,s
2023-01-02 06:19:02,1216.01000,9.75000000,s
2023-01-02 06:19:09,1215.91000,0.89000000,s
2023-01-02 06:19:09,1215.88000,0.50000000,s
2023-01-02 06:19:09,1215.87000,0.25000000,s
2023-01-02 06:19:09,1215.87000,0.50000000,s
2023-01-02 06:19:09,1215.84000,0.50000000,s
2023-01-02 06:19:09,1215.81000,0.50000000,s
2023-01-02 06:19:09,1215.77000,0.50000000,s
2023-01-02 06:19:09,1215.76000,10.07622721,s
2023-01-02 06:19:09,1215.70000,5.23620743,s
2023-01-02 06:19:09,1215.70000,1.04756536,b
2023-01-02 06:19:28,1215.86000,0.25000000,s
2023-01-02 06:19:28,1215.85000,0.89000000,s
2023-01-02 06:19:28,1215.81000,0.50000000,s
2023-01-02 06:19:28,1215.80000,0.50000000,s
2023-01-02 06:19:28,1215.76000,0.50000000,s
2023-01-02 06:19:28,1215.75000,5.00000000,s
2023-01-02 06:19:28,1215.74000,0.50000000,s
2023-01-02 06:19:28,1215.72000,0.50000000,s
2023-01-02 06:19:28,1215.70000,0.50000000,s
2023-01-02 06:19:28,1215.58000,0.50000000,s
2023-01-02 06:19:41,1215.57000,0.89000000,s
2023-01-02 06:19:41,1215.57000,0.25000000,s
2023-01-02 06:19:41,1215.53000,5.00000000,s
2023-01-02 06:19:41,1215.52000,10.07870661,s
2023-01-02 06:19:41,1215.51000,0.01722947,s
2023-01-02 06:19:41,1215.46000,23.92472235,s
2023-01-02 06:19:41,1215.46000,9.83934157,s
2023-01-02 06:19:51,1215.57000,0.01000000,s
2023-01-02 06:20:03,1215.57000,0.88000000,s
2023-01-02 06:20:03,1215.57000,0.25000000,s
2023-01-02 06:20:03,1215.57000,8.71400000,s
2023-01-02 06:20:03,1215.57000,5.00000000,s
2023-01-02 06:20:03,1215.46000,10.07898005,s
2023-01-02 06:20:03,1215.44000,14.83601053,s
2023-01-02 06:20:03,1215.44000,10.24100942,s
2023-01-02 06:20:08,1215.58000,5.00000000,b
2023-01-02 06:20:14,1215.57000,10.07788607,s
2023-01-02 06:20:14,1215.57000,0.25000000,s
2023-01-02 06:20:14,1215.57000,5.00000000,s
2023-01-02 06:20:14,1215.57000,0.02207574,s
2023-01-02 06:20:14,1215.57000,0.23139392,s
2023-01-02 06:20:14,1215.57000,0.25238382,s
2023-01-02 06:20:14,1215.54000,0.50000000,s
2023-01-02 06:20:14,1215.53000,0.89000000,s
2023-01-02 06:20:14,1215.51000,0.50000000,s
2023-01-02 06:20:14,1215.50000,0.50000000,s
2023-01-02 06:20:14,1215.49000,0.50000000,s
2023-01-02 06:20:14,1215.48000,0.50000000,s
2023-01-02 06:20:14,1215.45000,0.50000000,s
2023-01-02 06:20:14,1215.44000,10.33527509,s
2023-01-02 06:20:14,1215.44000,14.83601053,s
2023-01-02 06:20:27,1215.43000,0.89000000,s
2023-01-02 06:20:27,1215.43000,10.07690551,s
2023-01-02 06:20:27,1215.43000,0.25238382,s
2023-01-02 06:20:27,1215.43000,0.24074200,s
2023-01-02 06:20:27,1215.43000,0.50000000,s
2023-01-02 06:20:27,1215.43000,0.25000000,s
2023-01-02 06:20:27,1215.43000,5.00000000,s
2023-01-02 06:20:27,1215.42000,0.85850470,s
2023-01-02 06:20:27,1215.42000,0.50000000,s
2023-01-02 06:20:27,1215.41000,30.42474898,s
2023-01-02 06:20:27,1215.41000,20.57683090,s
2023-01-02 06:20:27,1215.41000,3.86427764,s
2023-01-02 06:20:27,1215.36000,0.85859722,s
2023-01-02 06:20:27,1215.26000,0.54290775,s
2023-01-02 06:20:27,1215.02000,14.20860148,s
2023-01-02 06:20:47,1215.98000,0.25000000,s
2023-01-02 06:20:47,1215.97000,0.25238382,s
2023-01-02 06:20:47,1215.90000,0.50000000,s
2023-01-02 06:20:47,1215.88000,0.50000000,s
2023-01-02 06:20:47,1215.86000,20.56921350,s
2023-01-02 06:20:47,1215.85000,5.00000000,s
2023-01-02 06:20:47,1215.80000,13.39337751,s
2023-01-02 06:25:47,1216.25000,0.04724985,b
2023-01-02 06:28:19,1216.39000,0.25000000,b
2023-01-02 06:28:19,1216.40000,0.11447900,b
2023-01-02 06:29:29,1215.69000,0.25000000,s
2023-01-02 06:29:29,1215.68000,0.50000000,s
2023-01-02 06:29:29,1215.55000,0.02501550,s
2023-01-02 06:29:29,1215.54000,1.69922812,s
2023-01-02 06:29:49,1216.06000,0.06743232,b
2023-01-02 06:29:49,1216.07000,0.02797963,b
2023-01-02 06:30:18,1216.07000,0.38709585,b
2023-01-02 06:30:38,1216.07000,0.02470000,b
2023-01-02 06:31:06,1216.33000,0.04200000,b
2023-01-02 06:32:04,1216.33000,0.14615839,b
2023-01-02 06:32:30,1216.07000,0.04719681,b
2023-01-02 06:32:40,1216.07000,0.04719681,b
2023-01-02 06:32:40,1216.07000,0.04719681,b
2023-01-02 06:33:07,1216.06000,0.01785325,b
2023-01-02 06:33:34,1215.76000,0.17000000,s
2023-01-02 06:35:07,1214.58000,0.02185165,s
2023-01-02 06:35:41,1214.98000,0.09029741,b
2023-01-02 06:39:59,1215.00000,0.50000000,b
2023-01-02 06:41:44,1216.45000,0.25000000,s
2023-01-02 06:41:44,1216.43000,0.25000000,s
2023-01-02 06:41:44,1216.40000,5.00000000,s
2023-01-02 06:41:44,1216.39000,20.56025173,s
2023-01-02 06:41:44,1216.38000,10.00000000,s
2023-01-02 06:41:44,1216.35000,8.53943844,s
2023-01-02 06:41:44,1216.28000,0.14896646,s
2023-01-02 06:43:00,1216.03000,0.13779217,s
2023-01-02 06:44:50,1216.55000,0.25000000,b
2023-01-02 06:44:50,1216.56000,0.50000000,b
2023-01-02 06:44:50,1216.57000,0.17000000,b
2023-01-02 06:54:19,1217.06000,0.09573693,b
2023-01-02 06:54:19,1217.06000,0.03306130,b
2023-01-02 06:55:43,1216.67000,0.10000000,s
2023-01-02 07:15:59,1217.40000,0.06819994,b
2023-01-02 07:16:02,1217.40000,25.60400493,b
2023-01-02 07:16:02,1217.40000,0.66864981,b
2023-01-02 07:19:42,1217.16000,0.08660380,b
2023-01-02 07:23:42,1217.40000,0.16953630,b
2023-01-02 07:24:37,1217.40000,0.16400000,b
2023-01-02 07:27:50,1217.38000,0.50000000,b
2023-01-02 07:27:50,1217.39000,0.89000000,b
2023-01-02 07:27:50,1217.39000,0.50000000,b
2023-01-02 07:27:50,1217.40000,2.21713315,b
2023-01-02 07:28:40,1217.40000,0.13538260,b
2023-01-02 07:31:19,1217.20000,0.04980805,b
2023-01-02 07:32:03,1216.91000,0.16050000,s
2023-01-02 07:33:07,1216.87000,0.00667000,s
2023-01-02 07:33:37,1217.36000,0.01768523,b
2023-01-02 07:33:50,1217.36000,0.50000000,b
2023-01-02 07:33:50,1217.37000,0.28414369,b
2023-01-02 07:35:38,1217.39000,0.08006000,s
2023-01-02 07:36:30,1217.40000,0.15000000,b
2023-01-02 07:37:20,1217.39000,0.50000000,b
2023-01-02 07:37:20,1217.40000,1.37871206,b
2023-01-02 07:37:51,1217.36000,0.50000000,b
2023-01-02 07:37:51,1217.38000,0.50000000,b
2023-01-02 07:37:51,1217.39000,0.50000000,b
2023-01-02 07:37:51,1217.39000,0.37870542,b
2023-01-02 07:38:18,1217.38000,0.01122566,b
2023-01-02 07:39:12,1217.36000,0.50000000,b
2023-01-02 07:39:12,1217.38000,0.50000000,b
2023-01-02 07:39:12,1217.39000,0.51129458,b
2023-01-02 07:39:12,1217.39000,0.36741693,b
2023-01-02 07:39:30,1217.40000,0.16185669,b
2023-01-02 07:40:22,1217.25000,0.08809524,b
2023-01-02 07:43:08,1217.38000,0.01000000,b
2023-01-02 07:57:25,1216.18000,0.25000000,s
2023-01-02 07:57:25,1216.17000,0.75000000,s
2023-01-02 07:59:16,1216.24000,0.01714648,s
2023-01-02 08:02:15,1216.85000,0.01150568,b
2023-01-02 08:02:46,1216.60000,0.01150568,s
2023-01-02 08:05:20,1216.85000,0.50000000,b
2023-01-02 08:06:01,1216.86000,0.50000000,b
2023-01-02 08:09:25,1215.74000,0.08793933,b
2023-01-02 08:09:25,1215.74000,0.04719846,b
2023-01-02 08:09:29,1215.77000,0.08793716,b
2023-01-02 08:09:29,1215.77000,0.04719730,b
2023-01-02 08:09:30,1215.78000,0.08793644,b
2023-01-02 08:17:20,1216.25000,0.04728703,b
2023-01-02 08:17:21,1216.25000,0.04728703,b
2023-01-02 08:19:50,1216.15000,0.01058333,b
2023-01-02 08:19:50,1216.15000,0.01203889,b
2023-01-02 08:20:11,1215.54000,0.08797469,b
2023-01-02 08:37:20,1215.09000,0.25000000,s
2023-01-02 08:37:20,1215.08000,0.25238382,s
2023-01-02 08:37:20,1214.88000,0.08744143,s
2023-01-02 08:37:40,1215.41000,1.19340696,b
2023-01-02 08:37:43,1215.50000,0.17031347,b
2023-01-02 08:58:34,1215.22000,0.05000000,b
2023-01-02 09:01:05,1215.28000,0.02773398,b
2023-01-02 09:02:29,1215.31000,0.03369267,b
2023-01-02 09:04:43,1216.08000,3.47890000,b
2023-01-02 09:04:43,1216.08000,0.38731502,b
2023-01-02 09:04:43,1216.11000,0.80000000,b
2023-01-02 09:04:43,1216.24000,1.00000000,b
2023-01-02 09:04:44,1217.40000,0.89000000,b
2023-01-02 09:04:44,1217.37000,0.50000000,b
2023-01-02 09:04:44,1217.40000,38.11481765,b
2023-01-02 09:04:44,1217.40000,0.54037164,b
2023-01-02 09:04:44,1217.40000,29.73733523,b
2023-01-02 09:12:02,1215.78000,0.04698331,b
2023-01-02 09:12:02,1215.78000,0.01977766,b
2023-01-02 09:19:58,1216.90000,0.02601523,b
2023-01-02 09:25:09,1216.41000,0.25000000,s
2023-01-02 09:25:09,1216.40000,0.04928415,s
2023-01-02 09:27:41,1215.50000,0.03546660,b
2023-01-02 09:33:11,1215.50000,0.12900000,b
2023-01-02 09:34:44,1215.50000,0.02000000,b
2023-01-02 09:37:12,1215.02000,0.16844000,s
2023-01-02 09:37:53,1215.44000,0.25000000,s
2023-01-02 09:37:53,1215.43000,0.50000000,s
2023-01-02 09:37:53,1215.41000,0.50000000,s
2023-01-02 09:37:53,1215.40000,0.50000000,s
2023-01-02 09:37:53,1215.40000,5.00000000,s
2023-01-02 09:37:53,1215.39000,0.89000000,s
2023-01-02 09:37:53,1215.37000,0.50000000,s
2023-01-02 09:37:53,1215.34000,10.08027020,s
2023-01-02 09:38:51,1215.12000,0.25000000,s
2023-01-02 09:39:29,1215.12000,0.08111587,b
2023-01-02 09:39:47,1215.10000,0.25000000,s
2023-01-02 09:40:43,1214.92000,0.25000000,s
2023-01-02 09:40:43,1214.91000,0.06119834,s
2023-01-02 09:40:54,1214.90000,0.07825148,b
2023-01-02 09:40:58,1214.90000,25.65896846,b
2023-01-02 09:40:58,1214.90000,0.42251910,b
2023-01-02 09:43:48,1215.50000,0.08602413,b
2023-01-02 09:43:55,1215.50000,0.08823549,b
2023-01-02 09:44:00,1215.50000,0.08763688,b
2023-01-02 09:44:06,1215.50000,0.08526935,b
2023-01-02 09:44:13,1215.50000,0.08761856,b
2023-01-02 09:44:18,1215.50000,0.08274909,b
2023-01-02 09:44:25,1215.50000,0.07743195,b
2023-01-02 09:44:31,1215.50000,0.09011293,b
2023-01-02 09:44:37,1215.50000,0.08954342,b
2023-01-02 09:44:44,1215.50000,0.01489637,b
2023-01-02 09:50:02,1216.36000,0.03059917,s
2023-01-02 09:50:02,1216.33000,0.25000000,s
2023-01-02 09:50:02,1216.20000,0.26115190,s
2023-01-02 09:50:59,1216.66000,0.17062472,b
2023-01-02 09:51:47,1216.15000,0.05000000,s
2023-01-02 09:52:55,1216.18000,0.01371723,s
2023-01-02 10:02:12,1217.12000,0.50000000,b
2023-01-02 10:02:12,1217.26000,0.25000000,b
2023-01-02 10:02:12,1217.27000,0.25238382,b
2023-01-02 10:02:12,1217.37000,3.99761618,b
2023-01-02 10:03:12,1217.56000,0.03411878,s
2023-01-02 10:03:12,1217.56000,0.03411878,s
2023-01-02 10:03:13,1217.55000,0.01529958,s
2023-01-02 10:03:13,1217.55000,0.15249315,s
2023-01-02 10:03:13,1217.55000,0.02695104,s
2023-01-02 10:03:13,1217.05000,0.11335046,s
2023-01-02 10:05:41,1215.74000,0.25238382,b
2023-01-02 10:06:52,1215.61000,0.07819000,s
2023-01-02 10:08:52,1215.81000,0.25000000,s
2023-01-02 10:08:52,1215.80000,0.50000000,s
2023-01-02 10:08:52,1215.79000,0.89000000,s
2023-01-02 10:08:52,1215.78000,0.50000000,s
2023-01-02 10:08:52,1215.77000,0.86000000,s
2023-01-02 10:19:23,1218.14000,0.04323387,s
2023-01-02 10:19:54,1218.50000,0.25000000,b
2023-01-02 10:19:54,1218.50000,0.35764743,b
2023-01-02 10:26:18,1219.07000,0.25000000,b
2023-01-02 10:26:18,1219.08000,0.89000000,b
2023-01-02 10:26:18,1219.12000,0.73843305,b
2023-01-02 10:31:13,1218.88000,0.34411366,b
2023-01-02 10:31:13,1218.88000,0.15588634,b
2023-01-02 10:31:13,1218.89000,0.50000000,b
2023-01-02 10:31:13,1218.90000,0.89000000,b
2023-01-02 10:31:13,1218.90000,0.50000000,b
2023-01-02 10:31:13,1218.91000,0.25000000,b
2023-01-02 10:31:13,1218.92000,0.50000000,b
2023-01-02 10:31:13,1218.94000,0.50000000,b
2023-01-02 10:31:13,1218.96000,0.50000000,b
2023-01-02 10:31:13,1218.99000,0.50000000,b
2023-01-02 10:31:13,1219.00000,5.00000000,b
2023-01-02 10:32:19,1219.83000,0.89000000,b
2023-01-02 10:32:19,1219.84000,0.14175759,b
2023-01-02 10:32:19,1219.84000,0.11062623,b
2023-01-02 10:32:19,1219.99000,0.50000000,b
2023-01-02 10:32:19,1219.99000,2.33168550,b
2023-01-02 10:32:19,1219.99000,1.20025068,b
2023-01-02 10:33:23,1219.24000,0.25000000,b
2023-01-02 10:33:23,1219.25000,0.50000000,b
2023-01-02 10:33:23,1219.26000,0.25000000,b
2023-01-02 10:34:09,1219.04000,0.00000567,b
2023-01-02 10:47:23,1219.67000,0.04038224,b
2023-01-02 11:01:08,1219.27000,0.01727000,s
2023-01-02 11:07:06,1219.01000,0.25000000,b
2023-01-02 11:07:06,1219.02000,0.25238382,b
2023-01-02 11:07:06,1219.09000,3.49788118,b
2023-01-02 11:16:59,1219.12000,9.50000000,s
2023-01-02 11:23:52,1219.01000,0.02788896,b
2023-01-02 11:27:08,1219.00000,0.08203445,s
2023-01-02 11:27:27,1218.22000,0.04164000,s
2023-01-02 11:36:02,1218.08000,0.02309526,b
2023-01-02 11:36:47,1218.04000,0.50000000,s
2023-01-02 11:36:47,1218.03000,0.23994720,s
2023-01-02 11:36:47,1218.03000,0.03192071,s
2023-01-02 11:37:26,1218.02000,0.02211417,s
2023-01-02 11:37:26,1218.00000,1.21126943,s
2023-01-02 11:37:27,1218.14000,0.89000000,s
2023-01-02 11:37:27,1218.11000,0.08870783,s
2023-01-02 11:40:36,1218.97000,0.00091752,b
2023-01-02 11:40:38,1218.97000,0.04103000,b
2023-01-02 11:47:24,1218.00000,0.09639829,s
2023-01-02 11:52:00,1218.00000,8.09443250,s
2023-01-02 11:52:12,1218.00000,0.15000000,s
2023-01-02 11:52:13,1218.00000,0.44789978,s
2023-01-02 11:53:10,1216.71000,0.89000000,s
2023-01-02 11:53:10,1216.71000,0.25000000,s
2023-01-02 11:53:10,1216.64000,0.50000000,s
2023-01-02 11:53:10,1216.59000,0.50000000,s
2023-01-02 11:53:10,1216.56000,0.50000000,s
2023-01-02 11:53:10,1216.52000,0.36000000,s
2023-01-02 11:54:52,1216.23000,0.89000000,s
2023-01-02 11:54:52,1216.21000,0.25000000,s
2023-01-02 11:54:52,1216.20000,2.86000000,s
2023-01-02 11:57:00,1216.97000,0.35622645,b
2023-01-02 12:05:34,1217.06000,0.25000000,s
2023-01-02 12:05:34,1217.05000,0.01529958,s
2023-01-02 12:05:34,1217.03000,0.23549581,s
2023-01-02 12:05:34,1217.02000,0.50000000,s
2023-01-02 12:05:34,1216.96000,0.50000000,s
2023-01-02 12:05:34,1216.94000,0.50000000,s
2023-01-02 12:05:34,1216.93000,0.50000000,s
2023-01-02 12:05:34,1216.93000,1.42920461,s
2023-01-02 12:05:54,1217.05000,0.01100000,s
2023-01-02 12:14:55,1216.29000,0.25238382,b
2023-01-02 12:14:55,1216.52000,0.25000000,b
2023-01-02 12:14:55,1216.53000,0.15261618,b
2023-01-02 12:16:06,1216.81000,0.50000000,b
2023-01-02 12:16:50,1216.62000,0.89000000,b
2023-01-02 12:25:02,1216.70000,0.00809822,b
2023-01-02 12:27:37,1217.01000,0.15465965,b
2023-01-02 12:29:27,1217.05000,0.50000000,b
2023-01-02 12:29:27,1217.06000,0.01825826,b
2023-01-02 12:30:06,1217.06000,0.01869208,b
2023-01-02 12:38:46,1216.20000,0.25000000,s
2023-01-02 12:38:46,1216.19000,0.45000000,s
2023-01-02 12:40:38,1216.38000,0.05618399,b
2023-01-02 12:41:50,1216.38000,0.15000000,b
2023-01-02 12:55:07,1216.38000,5.00000000,b
2023-01-02 12:59:21,1216.38000,0.12261972,b
2023-01-02 13:00:08,1216.38000,0.02157236,b
2023-01-02 13:00:42,1216.38000,0.03515198,b
2023-01-02 13:01:03,1216.38000,0.01487597,b
2023-01-02 13:01:35,1216.38000,0.01485229,b
2023-01-02 13:02:54,1216.38000,2.46633453,b
2023-01-02 13:05:34,1216.37000,0.49350003,s
2023-01-02 13:06:36,1216.38000,0.03546393,b
2023-01-02 13:11:45,1216.38000,0.08221182,b
2023-01-02 13:11:59,1216.38000,0.12798632,b
2023-01-02 13:15:14,1216.38000,0.01880099,b
2023-01-02 13:17:29,1216.38000,0.03481752,b
2023-01-02 13:18:35,1216.38000,21.81912858,b
2023-01-02 13:19:59,1217.15000,0.01100000,b
2023-01-02 13:19:59,1217.28000,0.01737376,b
2023-01-02 13:25:42,1217.52000,0.12316585,b
2023-01-02 13:30:13,1217.76000,0.43949475,s
2023-01-02 13:35:10,1217.82000,0.02157236,s
2023-01-02 13:39:24,1217.86000,0.02741000,s
2023-01-02 13:42:21,1217.78000,0.01100000,s
2023-01-02 13:46:04,1218.23000,0.25000000,b
2023-01-02 13:46:04,1218.24000,0.28052594,b
2023-01-02 13:48:31,1218.88000,0.03067514,b
2023-01-02 13:52:27,1219.13000,0.02657811,b
2023-01-02 13:54:43,1218.81000,0.25000000,s
2023-01-02 13:54:43,1218.80000,0.01692250,s
2023-01-02 14:01:33,1218.23000,0.89000000,b
2023-01-02 14:01:33,1218.25000,0.11000000,b
2023-01-02 14:11:26,1218.31000,0.13132946,b
2023-01-02 14:16:31,1218.31000,0.05335259,b
2023-01-02 14:16:45,1218.61000,0.16330081,b
2023-01-02 14:17:11,1218.47000,0.16331421,b
2023-01-02 14:18:33,1218.04000,0.25000000,s
2023-01-02 14:18:33,1218.03000,0.50000000,s
2023-01-02 14:18:33,1218.03000,1.30477000,s
2023-01-02 14:18:45,1218.06000,0.80000000,b
2023-01-02 14:18:45,1218.41000,0.02068116,b
2023-01-02 14:21:14,1217.89000,0.02128473,b
2023-01-02 14:24:24,1217.90000,0.04078635,b
2023-01-02 14:25:05,1217.90000,0.03248000,s
2023-01-02 14:25:29,1218.01000,0.07953523,b
2023-01-02 14:32:29,1217.61000,0.01100000,s
2023-01-02 14:41:04,1217.90000,0.24558747,b
2023-01-02 14:42:01,1217.90000,0.25000000,b
2023-01-02 14:42:01,1217.91000,0.80000000,b
2023-01-02 14:42:01,1217.93000,0.25238382,b
2023-01-02 14:42:01,1218.00000,0.46229434,b
2023-01-02 14:42:01,1218.02000,1.23532184,b
2023-01-02 14:42:28,1217.89000,0.25000000,b
2023-01-02 14:42:28,1217.90000,0.05000000,b
2023-01-02 14:46:56,1218.06000,0.01100000,b
2023-01-02 14:56:35,1218.37000,0.01372196,s
2023-01-02 14:57:31,1219.02000,0.08932789,b
2023-01-02 15:00:39,1219.06000,0.02100000,b
2023-01-02 15:05:41,1216.57000,0.20520000,s
2023-01-02 15:14:45,1217.23000,0.25000000,s
2023-01-02 15:14:45,1217.23000,0.89000000,s
2023-01-02 15:14:45,1217.22000,10.06462015,s
2023-01-02 15:14:45,1217.20000,20.54646323,s
2023-01-02 15:14:45,1217.10000,1.00000000,s
2023-01-02 15:14:45,1217.09000,5.00000000,s
2023-01-02 15:14:45,1217.09000,1.00000000,s
2023-01-02 15:14:45,1217.04000,0.25238382,s
2023-01-02 15:14:45,1217.03000,0.71156185,s
2023-01-02 15:14:45,1217.03000,0.28497095,s
2023-01-02 15:17:52,1217.37000,0.00427482,b
2023-01-02 15:19:21,1217.06000,0.02017000,s
2023-01-02 15:30:19,1218.41000,0.03000000,b
2023-01-02 15:31:33,1218.47000,0.02000000,b
2023-01-02 15:36:53,1217.82000,0.20692713,b
2023-01-02 15:40:36,1218.24000,0.66345794,b
2023-01-02 15:41:44,1218.33000,0.03612360,b
2023-01-02 15:45:04,1218.00000,0.01100000,b
2023-01-02 15:48:16,1218.67000,0.09820020,b
2023-01-02 15:49:02,1218.74000,0.50000000,b
2023-01-02 15:49:43,1218.68000,0.40421672,b
2023-01-02 15:50:07,1218.69000,0.06556589,b
2023-01-02 15:59:32,1218.61000,0.25000000,b
2023-01-02 15:59:32,1218.61000,0.89000000,b
2023-01-02 15:59:32,1218.64000,0.86000000,b
2023-01-02 16:00:25,1218.59000,0.25000000,b
2023-01-02 16:00:25,1218.60000,0.02316404,b
2023-01-02 16:01:52,1218.66000,0.20000000,b
2023-01-02 16:14:32,1218.70000,0.04049000,s
2023-01-02 16:14:40,1219.14000,0.01000000,b
2023-01-02 16:18:44,1218.49000,0.12856688,b
2023-01-02 16:18:58,1218.36000,1.33871000,s
2023-01-02 16:19:48,1218.45000,0.02000000,b
2023-01-02 16:19:54,1218.08000,0.02000000,s
2023-01-02 16:20:58,1218.78000,0.25000000,b
2023-01-02 16:20:58,1218.79000,0.62743427,b
2023-01-02 16:23:58,1218.93000,0.01529959,s
2023-01-02 16:23:58,1218.93000,0.06596041,s
2023-01-02 16:24:15,1218.93000,0.84798277,s
2023-01-02 16:24:15,1218.92000,0.22615528,s
2023-01-02 16:28:14,1218.51000,0.02626150,b
2023-01-02 16:28:34,1218.15000,0.02000000,s
2023-01-02 16:32:35,1218.73000,0.02625680,b
2023-01-02 16:32:48,1218.33000,0.02625600,s
2023-01-02 16:33:04,1218.72000,0.02624750,b
2023-01-02 16:34:00,1218.29000,0.03250900,s
2023-01-02 16:35:34,1218.83000,0.12482167,b
2023-01-02 16:36:50,1218.69000,0.24616597,b
2023-01-02 16:37:13,1218.69000,0.25000000,b
2023-01-02 16:37:13,1218.70000,1.00000000,b
2023-01-02 16:37:13,1218.71000,0.50000000,b
2023-01-02 16:37:13,1218.77000,5.00000000,b
2023-01-02 16:37:13,1218.78000,0.25000000,b
2023-01-02 16:42:39,1218.71000,0.06015933,b
2023-01-02 16:55:46,1219.13000,0.02624820,b
2023-01-02 16:56:17,1218.85000,1.92459603,s
2023-01-02 16:56:27,1219.29000,0.25000000,b
2023-01-02 16:56:27,1219.29000,1.00000000,b
2023-01-02 16:56:27,1219.29000,3.75000000,b
2023-01-02 16:57:10,1218.84000,0.01100000,s
2023-01-02 16:57:25,1218.87000,0.02624800,s
2023-01-02 16:58:44,1220.30000,0.22602174,b
2023-01-02 16:58:45,1220.30000,0.77397826,b
2023-01-02 16:58:46,1221.89000,0.01722946,b
2023-01-02 16:58:47,1222.82000,0.01442902,b
2023-01-02 16:58:48,1222.48000,0.06889880,b
2023-01-02 16:58:49,1221.79000,0.02245883,s
2023-01-02 16:58:49,1221.79000,0.22124288,b
2023-01-02 16:58:49,1221.63000,0.13299609,b
2023-01-02 17:01:25,1219.54000,0.00284000,s
2023-01-02 17:10:09,1218.10000,0.25000000,b
2023-01-02 17:10:09,1218.11000,0.26105123,b
2023-01-02 17:10:09,1218.12000,0.25000000,b
2023-01-02 17:10:11,1218.09000,0.28620239,b
2023-01-02 17:10:11,1218.09000,0.24406129,b
2023-01-02 17:10:14,1218.00000,0.25238382,b
2023-01-02 17:10:15,1218.01000,0.25238382,b
2023-01-02 17:10:15,1218.04000,0.25238382,b
2023-01-02 17:10:15,1218.05000,0.25238382,b
2023-01-02 17:10:20,1218.09000,0.25000000,b
2023-01-02 17:10:20,1218.10000,0.29926605,b
2023-01-02 17:10:22,1218.10000,0.28625688,b
2023-01-02 17:10:22,1218.11000,0.25000000,b
2023-01-02 17:10:23,1218.08000,0.25000000,b
2023-01-02 17:10:23,1218.09000,0.27577072,b
2023-01-02 17:10:25,1218.09000,0.28812082,b
2023-01-02 17:10:25,1218.10000,0.25000000,b
2023-01-02 17:11:52,1217.75000,0.29654523,b
2023-01-02 17:11:52,1217.76000,0.25000000,b
2023-01-02 17:12:36,1217.76000,0.25000000,b
2023-01-02 17:12:36,1217.76000,0.20634161,b
2023-01-02 17:12:37,1217.76000,0.25000000,b
2023-01-02 17:12:37,1217.76000,0.26570606,b
2023-01-02 17:12:39,1217.76000,0.25000000,b
2023-01-02 17:12:39,1217.76000,0.20649051,b
2023-01-02 17:12:40,1217.76000,0.25000000,b
2023-01-02 17:12:40,1217.76000,0.25461523,b
2023-01-02 17:12:42,1217.76000,0.25000000,b
2023-01-02 17:12:42,1217.76000,0.29734380,b
2023-01-02 17:12:51,1217.73000,0.25000000,b
2023-01-02 17:12:51,1217.74000,0.20753827,b
2023-01-02 17:28:46,1217.42000,0.09041070,s
2023-01-02 17:34:11,1217.06000,0.00183473,s
2023-01-02 17:37:17,1217.06000,0.05769553,s
2023-01-02 17:37:17,1216.75000,0.01445214,s
2023-01-02 17:37:17,1216.57000,0.01643966,s
2023-01-02 17:37:17,1216.40000,0.25000000,s
2023-01-02 17:37:17,1216.38000,0.87753267,s
2023-01-02 17:41:39,1217.17000,0.42000000,s
2023-01-02 17:42:53,1217.14000,0.10000000,s
2023-01-02 17:43:55,1217.28000,0.00836882,b
2023-01-02 17:48:31,1217.20000,3.74999999,s
2023-01-02 17:48:31,1217.20000,26.25000001,s
2023-01-02 17:48:44,1216.05000,0.06167509,s
2023-01-02 17:48:44,1215.51000,0.01000000,s
2023-01-02 17:48:53,1215.51000,0.00722947,s
2023-01-02 17:48:53,1215.50000,0.03283865,s
2023-01-02 17:48:53,1215.50000,19.96716135,s
2023-01-02 17:48:55,1214.57000,0.01447808,s
2023-01-02 17:48:55,1213.66000,0.01000000,s
2023-01-02 17:49:00,1213.01000,0.01012082,s
2023-01-02 17:49:01,1213.01000,0.00714416,s
2023-01-02 17:49:01,1212.41000,0.00287129,s
2023-01-02 17:58:14,1214.91000,0.25238382,s
2023-01-02 17:58:14,1214.90000,0.02078022,s
2023-01-02 18:00:57,1215.13000,1.00580884,s
2023-01-02 18:02:23,1216.29000,0.01616110,s
2023-01-02 18:06:03,1216.15000,4.00000000,b
2023-01-02 18:08:18,1216.02000,0.12800649,s
2023-01-02 18:34:40,1215.38000,0.10000000,b
2023-01-02 18:42:15,1216.47000,0.01644087,b
2023-01-02 18:46:40,1215.04000,0.03017026,b
2023-01-02 18:48:19,1214.12000,0.25238381,b
2023-01-02 18:48:43,1214.60000,0.12112380,b
2023-01-02 18:49:57,1214.53000,0.08235536,b
2023-01-02 19:01:37,1214.25000,29.22676164,s
2023-01-02 19:01:37,1214.25000,0.77323836,s
2023-01-02 19:11:29,1215.38000,0.12513534,b
2023-01-02 19:25:09,1214.86000,0.02132954,b
2023-01-02 19:28:07,1214.21000,0.50000000,s
2023-01-02 19:28:07,1214.20000,0.03580000,s
2023-01-02 19:37:07,1216.60000,0.04870230,b
2023-01-02 19:51:55,1215.88000,0.03848783,b
2023-01-02 20:09:45,1214.51000,0.07365468,b
2023-01-02 20:19:16,1214.50000,25.00000000,s
2023-01-02 21:15:10,1214.65000,0.02127409,s
2023-01-02 21:53:57,1215.32000,0.02923762,b
2023-01-02 22:01:37,1213.36000,0.10296722,s
2023-01-02 22:08:52,1213.76000,0.01000000,b
2023-01-02 22:08:52,1213.77000,0.50000000,b
2023-01-02 22:08:52,1213.79000,0.49000000,b
2023-01-02 22:22:13,1214.40000,0.03107061,b
2023-01-02 22:29:27,1215.22000,1.60520865,s
2023-01-02 22:36:14,1215.91000,0.11483997,b
2023-01-02 22:39:42,1215.99000,0.05783822,b
2023-01-02 23:06:03,1215.79000,0.02276694,b
2023-01-02 23:12:59,1215.79000,0.22358548,b
2023-01-02 23:40:52,1214.62000,0.15304817,b
2023-01-02 23:41:01,1214.32000,0.03301812,s
2023-01-02 23:42:11,1214.69000,0.15323344,b
2023-01-02 23:46:06,1213.48000,0.15300980,s
2023-01-02 23:56:07,1213.25000,0.25000000,s
2023-01-02 23:56:07,1213.24000,0.50000000,s
2023-01-02 23:56:07,1213.22000,0.25000000,s
2023-01-03 00:00:09,1213.74000,0.02154913,b
2023-01-03 00:02:17,1214.01000,0.25000000,b
2023-01-03 00:02:17,1214.01000,0.25942142,b
2023-01-03 00:07:53,1214.08000,0.02059291,b
2023-01-03 00:07:57,1213.65000,0.25000000,s
2023-01-03 00:07:57,1213.64000,0.50000000,s
2023-01-03 00:07:57,1213.60000,0.50000000,s
2023-01-03 00:07:57,1213.58000,0.14236043,s
2023-01-03 00:43:14,1217.05000,0.38978981,b
2023-01-03 01:37:41,1217.99000,0.25000000,b
2023-01-03 01:37:41,1218.00000,0.50000000,b
2023-01-03 01:37:41,1218.01000,0.50000000,b
2023-01-03 01:37:41,1218.02000,0.49315548,b
2023-01-03 01:37:41,1218.02000,0.50000000,b
2023-01-03 01:37:41,1218.03000,0.89000000,b
2023-01-03 01:37:41,1218.04000,0.50000000,b
2023-01-03 01:37:41,1218.06000,0.50000000,b
2023-01-03 01:37:41,1218.07000,2.20997920,b
2023-01-03 01:38:18,1217.96000,0.01000000,b
2023-01-03 01:38:22,1217.88000,0.01000000,b
2023-01-03 01:39:01,1218.14000,0.25000000,b
2023-01-03 01:39:01,1218.15000,0.02867447,b
2023-01-03 01:40:37,1217.93000,0.25000000,b
2023-01-03 01:40:37,1217.94000,0.04816008,b
2023-01-03 01:41:08,1217.91000,0.14793572,b
2023-01-03 01:41:40,1218.04000,0.02813420,b
2023-01-03 01:44:31,1217.37000,0.89000000,s
2023-01-03 01:44:31,1217.36000,3.75207931,s
2023-01-03 01:44:31,1217.35000,0.41081086,s
2023-01-03 01:46:35,1217.70000,0.25000000,b
2023-01-03 01:46:35,1217.71000,0.01601801,b
2023-01-03 01:46:40,1217.68000,0.08867417,b
2023-01-03 01:47:46,1217.57000,0.01000000,b
2023-01-03 01:48:40,1217.59000,0.04433078,b
2023-01-03 01:48:59,1217.64000,0.25000000,b
2023-01-03 01:48:59,1217.65000,0.50000000,b
2023-01-03 01:48:59,1217.66000,0.50000000,b
2023-01-03 01:48:59,1217.67000,0.89000000,b
2023-01-03 01:48:59,1217.71000,1.36000000,b
2023-01-03 01:50:06,1217.33000,0.02154913,s
2023-01-03 01:53:33,1217.08000,0.01100000,s
2023-01-03 01:57:46,1217.08000,0.02660416,b
2023-01-03 02:04:20,1216.35000,0.09334584,s
2023-01-03 02:14:23,1216.75000,0.00809716,b
2023-01-03 02:18:56,1216.69000,0.25000000,b
2023-01-03 02:19:24,1216.48000,5.00000000,b
2023-01-03 02:19:25,1216.48000,2.13722528,b
2023-01-03 02:21:22,1216.26000,0.25000000,b
2023-01-03 02:21:22,1216.27000,2.43069924,b
2023-01-03 02:21:22,1216.28000,0.31930076,b
2023-01-03 02:24:24,1215.84000,0.01000000,b
2023-01-03 02:25:22,1216.00000,0.02219366,b
2023-01-03 02:28:09,1216.02000,0.01100000,s
2023-01-03 02:29:24,1216.46000,0.11093470,b
2023-01-03 02:29:39,1216.40000,0.01000000,b
2023-01-03 02:56:12,1216.79000,0.03600000,s
2023-01-03 03:02:09,1217.32000,0.25000000,b
2023-01-03 03:02:09,1217.33000,0.49315548,b
2023-01-03 03:02:09,1217.51000,0.25214573,b
2023-01-03 03:02:09,1217.52000,0.00469879,b
2023-01-03 03:02:38,1217.27000,0.16172024,b
2023-01-03 03:07:51,1216.82000,0.10101010,b
2023-01-03 03:09:29,1215.86000,0.25374888,b
2023-01-03 03:09:29,1215.87000,0.49315548,b
2023-01-03 03:09:29,1215.74000,0.49315548,b
2023-01-03 03:09:30,1215.80000,0.49315548,b
2023-01-03 03:10:43,1215.78000,0.15487965,b
2023-01-03 03:13:12,1215.34000,0.02500000,b
2023-01-03 03:15:51,1215.26000,0.01000000,b
2023-01-03 03:16:46,1214.86000,0.49315548,b
2023-01-03 03:16:46,1214.89000,0.49315548,b
2023-01-03 03:16:46,1214.88000,0.25000000,b
2023-01-03 03:16:46,1214.89000,0.49315548,b
2023-01-03 03:16:46,1214.87000,0.49315548,b
2023-01-03 03:16:47,1214.94000,0.89000000,b
2023-01-03 03:16:47,1214.94000,0.14310765,b
2023-01-03 03:16:47,1214.94000,0.60378470,b
2023-01-03 03:16:48,1214.91000,0.25000000,b
2023-01-03 03:16:48,1214.92000,0.03622209,b
2023-01-03 03:17:42,1214.97000,0.25000000,b
2023-01-03 03:17:42,1214.98000,0.50000000,b
2023-01-03 03:17:42,1215.00000,0.49315548,b
2023-01-03 03:17:42,1215.03000,0.50000000,b
2023-01-03 03:17:42,1215.03000,5.00000000,b
2023-01-03 03:17:42,1215.04000,0.50000000,b
2023-01-03 03:17:42,1215.04000,1.26609725,b
2023-01-03 03:17:42,1215.04000,3.73390275,b
2023-01-03 03:17:42,1215.05000,0.36732549,b
2023-01-03 03:17:42,1215.05000,9.63267451,b
2023-01-03 03:17:42,1215.11000,0.50000000,b
2023-01-03 03:17:42,1215.12000,6.40759228,b
2023-01-03 03:19:01,1215.31000,0.25000000,b
2023-01-03 03:19:01,1215.32000,0.49315548,b
2023-01-03 03:19:01,1215.17000,0.42012147,b
2023-01-03 03:19:01,1215.17000,0.07303401,b
2023-01-03 03:19:01,1215.18000,0.01137252,b
2023-01-03 03:19:01,1215.18000,0.40422095,b
2023-01-03 03:19:01,1215.18000,0.08440653,b
2023-01-03 03:19:03,1215.20000,0.25000000,b
2023-01-03 03:19:03,1215.21000,0.49315548,b
2023-01-03 03:19:03,1215.46000,0.93222668,b
2023-01-03 03:19:03,1215.47000,5.00000000,b
2023-01-03 03:19:03,1215.48000,10.00000000,b
2023-01-03 03:19:03,1215.53000,24.68741120,b
2023-01-03 03:19:03,1215.54000,34.00338719,b
2023-01-03 03:19:03,1215.55000,4.46105000,b
2023-01-03 03:19:03,1215.69000,3.61839175,b
2023-01-03 03:19:03,1215.69000,1.07873247,b
2023-01-03 03:19:03,1215.69000,0.02812176,b
2023-01-03 03:19:03,1215.69000,4.00875402,b
2023-01-03 03:19:03,1215.79000,0.85935840,b
2023-01-03 03:19:03,1216.08000,2.93188151,b
2023-01-03 03:19:03,1216.09000,24.67602533,b
2023-01-03 03:19:03,1216.11000,1.71893446,b
2023-01-03 03:19:03,1216.21000,6.52685000,b
2023-01-03 03:19:03,1216.21000,2.44539039,b
2023-01-03 03:19:03,1216.23000,5.40216471,b
2023-01-03 03:19:03,1216.28000,2.44267526,b
2023-01-03 03:19:03,1216.31000,0.80000000,b
2023-01-03 03:19:03,1216.33000,1.95631231,b
2023-01-03 03:19:03,1216.54000,14.05030000,b
2023-01-03 03:19:03,1216.80000,7.13169793,b
2023-01-03 03:19:03,1216.80000,9.82830207,b
2023-01-03 03:19:03,1217.06000,1.41000000,b
2023-01-03 03:19:03,1217.17000,0.17390000,b
2023-01-03 03:19:03,1217.18000,0.28875086,b
2023-01-03 03:19:03,1217.19000,24.65385198,b
2023-01-03 03:19:03,1217.33000,24.65093520,b
2023-01-03 03:19:03,1217.79000,24.64157116,b
2023-01-03 03:19:03,1217.88000,0.85190000,b
2023-01-03 03:19:03,1218.00000,76.92812011,s
2023-01-03 03:19:03,1218.00000,0.15406804,s
2023-01-03 03:19:18,1215.27000,0.25000000,b
2023-01-03 03:19:18,1215.28000,0.05432821,b
2023-01-03 03:22:26,1215.43000,0.02199962,b
2023-01-03 03:25:51,1214.79000,0.34507610,s
2023-01-03 03:27:53,1215.19000,0.10246464,b
2023-01-03 03:28:51,1214.84000,0.25000000,b
2023-01-03 03:28:51,1214.85000,0.03925011,b
2023-01-03 03:28:59,1215.10000,0.25000000,b
2023-01-03 03:28:59,1215.11000,0.03918820,b
2023-01-03 03:29:01,1215.10000,0.25000000,b
2023-01-03 03:29:01,1215.11000,0.03918820,b
2023-01-03 03:29:06,1215.10000,0.25000000,b
2023-01-03 03:29:06,1215.11000,0.03918820,b
2023-01-03 03:29:08,1215.10000,0.25000000,b
2023-01-03 03:29:08,1215.11000,0.03918820,b
2023-01-03 03:29:34,1215.21000,0.25000000,b
2023-01-03 03:29:34,1215.22000,0.03916201,b
2023-01-03 03:29:36,1215.21000,0.25000000,b
2023-01-03 03:29:36,1215.22000,0.03916201,b
2023-01-03 03:29:37,1215.21000,0.25000000,b
2023-01-03 03:29:37,1215.22000,0.03916201,b
2023-01-03 03:29:40,1215.21000,0.25000000,b
2023-01-03 03:29:40,1215.22000,0.03916201,b
2023-01-03 03:29:42,1215.23000,0.25000000,b
2023-01-03 03:29:42,1215.24000,0.03915726,b
2023-01-03 03:29:44,1215.23000,0.25000000,b
2023-01-03 03:29:44,1215.24000,0.03915726,b
2023-01-03 03:29:45,1215.23000,0.25000000,b
2023-01-03 03:29:45,1215.24000,0.03915726,b
2023-01-03 03:29:47,1215.23000,0.25000000,b
2023-01-03 03:29:47,1215.24000,0.03915726,b
2023-01-03 03:29:49,1215.23000,0.25000000,b
2023-01-03 03:29:49,1215.24000,0.03915726,b
2023-01-03 03:35:00,1215.05000,0.25000000,b
2023-01-03 03:35:00,1215.06000,0.49380203,b
2023-01-03 03:35:00,1215.15000,0.89000000,b
2023-01-03 03:35:00,1215.17000,0.50000000,b
2023-01-03 03:35:00,1215.18000,0.06479675,b
2023-01-03 03:35:48,1215.06000,0.01540473,b
2023-01-03 03:40:08,1215.00000,0.25000000,b
2023-01-03 03:40:08,1215.01000,0.36379620,b
2023-01-03 03:45:45,1214.45000,0.03445957,s
2023-01-03 03:48:48,1214.28000,0.18358000,s
2023-01-03 03:56:58,1216.04000,0.25000000,b
2023-01-03 03:56:58,1216.05000,0.50000000,b
2023-01-03 03:56:58,1216.07000,0.48108880,b
2023-01-03 03:58:56,1216.31000,0.25000000,b
2023-01-03 03:58:56,1216.32000,0.50000000,b
2023-01-03 03:58:56,1216.34000,0.50000000,b
2023-01-03 03:58:56,1216.36000,0.39099847,b
2023-01-03 04:00:03,1216.08000,0.09480692,b
2023-01-03 04:00:22,1216.03000,0.02056403,b
2023-01-03 04:13:08,1216.69000,0.25000000,b
2023-01-03 04:13:43,1216.70000,1.39154961,b
2023-01-03 04:14:04,1216.64000,0.06500000,b
2023-01-03 04:14:08,1216.64000,0.18500000,b
2023-01-03 04:14:08,1216.65000,1.34927777,b
2023-01-03 04:16:07,1216.47000,0.25000000,b
2023-01-03 04:16:07,1216.48000,0.24682432,b
2023-01-03 04:26:57,1216.79000,0.11996895,b
2023-01-03 04:29:53,1216.63000,0.18948179,b
2023-01-03 04:31:06,1216.86000,0.20131698,b
2023-01-03 04:32:22,1216.85000,0.09039362,b
2023-01-03 04:44:11,1217.86000,0.25000000,b
2023-01-03 04:44:11,1217.87000,0.15000000,b
2023-01-03 04:47:42,1217.84000,6.75500605,s
2023-01-03 04:50:23,1217.66000,0.08075813,s
2023-01-03 04:51:16,1217.84000,0.31893000,s
2023-01-03 04:51:43,1217.97000,0.01458069,s
2023-01-03 04:52:07,1218.00000,3.00000000,b
2023-01-03 04:52:29,1217.99000,0.89000000,s
2023-01-03 04:52:29,1217.98000,0.51354955,s
2023-01-03 04:55:23,1218.00000,0.51999020,b
2023-01-03 04:55:31,1218.00000,9.70230627,b
2023-01-03 04:55:31,1218.48000,0.25000000,b
2023-01-03 04:55:31,1218.63000,2.28460925,b
2023-01-03 04:56:13,1218.70000,0.18910242,s
2023-01-03 05:21:42,1216.46000,0.25000000,b
2023-01-03 05:21:42,1216.47000,0.50000000,b
2023-01-03 05:21:42,1216.48000,0.25849038,b
2023-01-03 05:21:52,1216.16000,3.64251815,s
2023-01-03 05:21:52,1215.92000,2.98297185,s
2023-01-03 05:32:06,1216.49000,0.10000000,b
2023-01-03 05:35:06,1216.71000,0.01053985,b
2023-01-03 05:48:56,1216.95000,2.78879694,b
2023-01-03 06:00:54,1216.03000,0.05000000,b
2023-01-03 06:02:25,1215.86000,0.01100000,s
2023-01-03 06:11:26,1215.92000,0.01000000,b
2023-01-03 06:11:26,1215.54000,0.01000000,s
2023-01-03 06:14:44,1215.97000,0.01000000,b
2023-01-03 06:14:45,1215.57000,0.01000000,s
2023-01-03 06:15:41,1215.88000,0.01000000,b
2023-01-03 06:15:43,1215.57000,0.01000000,s
2023-01-03 06:16:58,1216.02000,0.01000000,b
2023-01-03 06:17:00,1215.67000,0.01000000,s
2023-01-03 06:17:38,1216.02000,0.01000000,b
2023-01-03 06:17:41,1215.57000,0.01000000,s
2023-01-03 06:17:57,1215.57000,0.35067000,s
2023-01-03 06:17:59,1215.92000,0.01000000,b
2023-01-03 06:18:01,1215.57000,0.01000000,s
2023-01-03 06:20:04,1215.62000,0.04975102,b
2023-01-03 06:21:55,1215.80000,0.09724182,b
2023-01-03 06:33:56,1216.12000,0.01000000,b
2023-01-03 06:37:56,1216.12000,0.00100000,b
2023-01-03 06:37:56,1216.96000,0.20046038,b
2023-01-03 06:39:18,1216.54000,0.89000000,b
2023-01-03 06:39:18,1216.68000,0.25000000,b
2023-01-03 06:39:18,1216.79000,0.50868728,b
2023-01-03 06:39:18,1216.79000,4.49131272,b
2023-01-03 06:39:18,1216.88000,0.50000000,b
2023-01-03 06:39:18,1216.89000,0.50000000,b
2023-01-03 06:39:18,1216.90000,0.50000000,b
2023-01-03 06:39:18,1216.91000,0.50000000,b
2023-01-03 06:39:18,1216.92000,0.50000000,b
2023-01-03 06:39:18,1216.93000,0.50000000,b
2023-01-03 06:43:00,1216.54000,0.25000000,b
2023-01-03 06:43:00,1216.54000,0.49380203,b
2023-01-03 06:43:00,1216.54000,2.25619797,b
2023-01-03 06:44:00,1216.53000,0.01861733,s
2023-01-03 06:44:00,1216.53000,0.01861733,s
2023-01-03 06:45:30,1215.03000,0.01000000,b
2023-01-03 06:48:17,1215.01000,0.01100000,s
2023-01-03 06:51:52,1215.07000,0.25000000,b
2023-01-03 06:51:52,1215.07000,0.03904752,b
2023-01-03 06:56:35,1215.01000,0.20418327,s
2023-01-03 07:00:47,1215.01000,0.60785522,s
2023-01-03 07:00:47,1215.01000,0.89000000,s
2023-01-03 07:00:47,1215.00000,0.50000000,s
2023-01-03 07:00:47,1214.90000,0.50000000,s
2023-01-03 07:00:47,1214.89000,1.09619479,s
2023-01-03 07:04:07,1215.43000,0.01064442,b
2023-01-03 07:08:49,1215.37000,0.25000000,s
2023-01-03 07:08:49,1215.37000,0.21785000,s
2023-01-03 07:18:59,1215.53000,0.20000000,b
2023-01-03 07:19:20,1215.55000,0.25000000,b
2023-01-03 07:19:20,1215.56000,0.50000000,b
2023-01-03 07:19:20,1215.60000,0.50000000,b
2023-01-03 07:19:20,1215.61000,0.50000000,b
2023-01-03 07:19:20,1215.61000,5.00000000,b
2023-01-03 07:19:20,1215.62000,0.48754131,b
2023-01-03 07:20:09,1215.53000,0.02148238,b
2023-01-03 07:24:32,1216.59000,0.03190194,b
2023-01-03 07:32:42,1216.29000,0.02877603,b
2023-01-03 07:37:17,1216.47000,0.25000000,b
2023-01-03 07:37:17,1216.48000,0.50000000,b
2023-01-03 07:37:17,1216.50000,0.50000000,b
2023-01-03 07:37:17,1216.51000,0.49380203,b
2023-01-03 07:37:17,1216.53000,0.50000000,b
2023-01-03 07:37:17,1216.57000,0.50000000,b
2023-01-03 07:37:17,1216.58000,0.50000000,b
2023-01-03 07:37:17,1216.68000,2.58052585,b
2023-01-03 07:37:19,1216.52000,0.25000000,b
2023-01-03 07:37:19,1216.53000,0.50000000,b
2023-01-03 07:37:19,1216.54000,0.50000000,b
2023-01-03 07:37:19,1216.55000,0.49380203,b
2023-01-03 07:37:19,1216.58000,0.50000000,b
2023-01-03 07:37:19,1216.66000,0.74748735,b
2023-01-03 07:42:00,1216.50000,0.25000000,b
2023-01-03 07:42:00,1216.51000,0.02510049,b
2023-01-03 07:50:39,1215.69000,0.05840276,b
2023-01-03 08:01:55,1216.20000,0.01054519,b
2023-01-03 08:02:24,1215.73000,0.01054519,s
2023-01-03 08:18:11,1216.42000,0.89000000,s
2023-01-03 08:18:11,1216.34000,0.25000000,s
2023-01-03 08:18:11,1216.28000,3.57284924,s
2023-01-03 08:18:11,1216.27000,24.67466995,s
2023-01-03 08:18:11,1216.26000,0.50000000,s
2023-01-03 08:18:11,1216.25000,0.50000000,s
2023-01-03 08:18:11,1216.25000,0.70830489,s
2023-01-03 08:18:11,1216.24000,3.17171334,s
2023-01-03 08:18:11,1216.20000,0.94557826,s
2023-01-03 08:18:17,1216.30000,0.25000000,s
2023-01-03 08:18:17,1216.29000,0.89000000,s
2023-01-03 08:18:17,1216.25000,0.50000000,s
2023-01-03 08:18:17,1216.23000,5.00000000,s
2023-01-03 08:18:17,1216.22000,0.50000000,s
2023-01-03 08:18:17,1216.20000,0.50000000,s
2023-01-03 08:18:17,1216.18000,0.50000000,s
2023-01-03 08:18:17,1216.16000,0.50000000,s
2023-01-03 08:18:17,1216.15000,0.50000000,s
2023-01-03 08:18:17,1216.13000,0.50000000,s
2023-01-03 08:18:17,1216.12000,0.49380203,s
2023-01-03 08:18:17,1216.10000,0.50000000,s
2023-01-03 08:18:17,1216.08000,0.50000000,s
2023-01-03 08:18:17,1216.07000,0.50000000,s
2023-01-03 08:20:49,1216.51000,0.20386343,s
2023-01-03 08:22:46,1216.81000,0.00167117,b
2023-01-03 08:25:13,1216.46000,0.25000000,b
2023-01-03 08:25:13,1216.47000,0.89000000,b
2023-01-03 08:25:13,1216.51000,0.50000000,b
2023-01-03 08:25:13,1216.51000,5.00000000,b
2023-01-03 08:25:13,1216.52000,0.50000000,b
2023-01-03 08:25:13,1216.57000,0.50000000,b
2023-01-03 08:25:13,1216.63000,0.50000000,b
2023-01-03 08:25:13,1216.64000,0.50000000,b
2023-01-03 08:25:13,1216.65000,0.49380203,b
2023-01-03 08:25:13,1216.69000,3.79069924,b
2023-01-03 08:25:13,1216.70000,1.37723278,b
2023-01-03 08:25:13,1216.70000,7.35376722,b
2023-01-03 08:25:13,1216.73000,24.66554447,b
2023-01-03 08:25:13,1216.77000,0.50000000,b
2023-01-03 08:25:13,1216.79000,0.84643084,b
2023-01-03 08:25:13,1216.80000,0.50000000,b
2023-01-03 08:25:13,1216.81000,1.83252342,b
2023-01-03 08:25:38,1216.50000,0.03261711,b
2023-01-03 08:29:15,1216.41000,0.04088176,b
2023-01-03 08:33:22,1216.28000,0.25000000,b
2023-01-03 08:33:22,1216.29000,0.50000000,b
2023-01-03 08:33:22,1216.31000,0.25310000,b
2023-01-03 08:37:59,1216.77000,0.25000000,b
2023-01-03 08:37:59,1216.78000,0.04497432,b
2023-01-03 08:51:59,1216.81000,8.16580541,b
2023-01-03 09:05:08,1216.81000,0.03061686,b
2023-01-03 09:08:10,1216.77000,0.01300147,b
2023-01-03 09:10:06,1217.32000,0.02148238,s
2023-01-03 09:17:29,1217.31000,0.25000000,s
2023-01-03 09:17:29,1217.30000,0.50000000,s
2023-01-03 09:17:29,1217.28000,0.41000000,s
2023-01-03 09:20:47,1217.91000,0.14411100,b
2023-01-03 09:21:46,1217.31000,0.19292000,b
2023-01-03 09:22:35,1217.31000,0.05708000,b
2023-01-03 09:22:35,1217.32000,0.44292000,b
2023-01-03 09:25:34,1217.50000,0.89000000,s
2023-01-03 09:25:34,1217.43000,0.50000000,s
2023-01-03 09:25:34,1217.42000,3.45447142,s
2023-01-03 09:34:06,1219.30000,0.28924697,b
2023-01-03 09:36:59,1216.61000,0.25000000,b
2023-01-03 09:36:59,1216.62000,0.50000000,b
2023-01-03 09:39:06,1216.72000,0.22332000,s
2023-01-03 09:42:50,1219.21000,0.15178139,b
2023-01-03 09:43:22,1218.82000,0.25000000,s
2023-01-03 09:43:22,1218.81000,0.20000000,s
2023-01-03 09:43:24,1219.29000,0.12595187,b
2023-01-03 09:45:33,1217.08000,0.02000000,b
2023-01-03 09:47:47,1216.84000,0.49380203,b
2023-01-03 09:49:00,1216.90000,1.52852510,s
2023-01-03 09:49:12,1215.29000,0.01800000,s
2023-01-03 09:49:22,1215.41000,0.49380203,b
2023-01-03 09:49:22,1215.76000,0.32879448,b
2023-01-03 09:49:47,1215.12000,0.04768200,b
2023-01-03 09:53:01,1212.40000,0.15294287,s
2023-01-03 09:53:01,1212.40000,0.00002389,s
2023-01-03 09:53:01,1212.39000,0.01450411,s
2023-01-03 09:53:01,1212.35000,0.02500659,s
2023-01-03 09:53:01,1211.58000,0.01100000,s
2023-01-03 09:53:01,1211.54000,0.01366685,s
2023-01-03 09:53:01,1211.27000,1.17763692,s
2023-01-03 09:53:01,1211.28000,0.86375473,s
2023-01-03 09:57:48,1212.50000,0.04658769,b
2023-01-03 09:57:52,1212.41000,0.50000000,s
2023-01-03 09:58:33,1211.26000,0.01000000,s
2023-01-03 09:58:34,1210.54000,0.02065195,s
2023-01-03 09:58:34,1210.52000,0.01730048,s
2023-01-03 09:58:34,1210.22000,0.01450000,s
2023-01-03 09:58:34,1210.22000,0.00003012,s
2023-01-03 09:58:34,1210.00000,0.15046988,s
2023-01-03 09:58:34,1210.00000,0.00011640,s
2023-01-03 09:58:34,1209.61000,0.99988360,s
2023-01-03 09:58:34,1209.61000,0.00011640,s
2023-01-03 09:58:34,1209.46000,0.01328479,s
2023-01-03 09:58:34,1209.29000,0.78659881,s
2023-01-03 09:58:34,1209.29000,0.01340119,s
2023-01-03 09:58:34,1209.02000,0.02079881,s
2023-01-03 09:58:34,1209.02000,0.01346862,s
2023-01-03 09:58:34,1208.96000,0.50000000,s
2023-01-03 09:58:35,1208.33000,0.01000000,s
2023-01-03 09:58:35,1208.19000,0.03800000,s
2023-01-03 09:58:35,1208.19000,0.00004866,s
2023-01-03 09:58:35,1208.05000,0.01455622,s
2023-01-03 09:58:35,1208.03000,0.01719512,s
2023-01-03 09:58:35,1208.19000,0.80000000,s
2023-01-03 09:58:36,1208.03000,0.00014103,s
2023-01-03 09:58:39,1208.35000,0.21714832,s
2023-01-03 10:03:00,1211.16000,0.02066173,s
2023-01-03 10:03:14,1211.39000,0.01641292,b
2023-01-03 10:07:20,1210.71000,0.82584566,b
2023-01-03 10:07:48,1210.83000,0.50000000,s
2023-01-03 10:07:48,1210.82000,0.89000000,s
2023-01-03 10:07:48,1210.79000,0.00496887,s
2023-01-03 10:08:08,1211.70000,0.08132515,b
2023-01-03 10:12:53,1210.70000,5.00000000,s
2023-01-03 10:14:51,1210.17000,0.25000000,b
2023-01-03 10:14:51,1210.18000,0.50000000,b
2023-01-03 10:14:51,1210.20000,0.13286438,b
2023-01-03 10:15:57,1210.28000,0.25000000,s
2023-01-03 10:15:57,1210.27000,0.50000000,s
2023-01-03 10:15:57,1210.25000,24.79734207,s
2023-01-03 10:20:18,1208.12000,0.14080000,s
2023-01-03 10:20:18,1208.12000,0.35920000,s
2023-01-03 10:20:18,1208.11000,0.07930000,s
2023-01-03 10:21:05,1208.42000,0.25000000,b
2023-01-03 10:21:05,1208.43000,0.25000000,b
2023-01-03 10:24:38,1209.50000,0.00407291,b
2023-01-03 10:28:14,1209.61000,0.02004008,b
2023-01-03 10:31:35,1208.28000,0.25000000,b
2023-01-03 10:31:35,1208.29000,0.50000000,b
2023-01-03 10:31:35,1208.30000,0.50000000,b
2023-01-03 10:31:35,1208.31000,0.30000000,b
2023-01-03 10:33:45,1208.05000,0.01100000,s
2023-01-03 10:34:50,1208.40000,0.25000000,b
2023-01-03 10:34:50,1208.41000,0.08101895,b
2023-01-03 10:37:28,1209.38000,0.07275746,b
2023-01-03 10:41:00,1209.52000,0.12421500,s
2023-01-03 10:45:32,1210.04000,0.01942292,b
2023-01-03 10:50:15,1210.41000,0.30000000,s
2023-01-03 10:52:05,1210.29000,0.09891577,b
2023-01-03 10:59:30,1212.02000,0.25000000,b
2023-01-03 10:59:30,1212.03000,0.50000000,b
2023-01-03 10:59:30,1212.05000,0.50000000,b
2023-01-03 10:59:30,1212.06000,0.50000000,b
2023-01-03 10:59:30,1212.07000,0.17459603,b
2023-01-03 11:00:07,1211.67000,0.25000000,s
2023-01-03 11:00:07,1211.62000,0.79171000,s
2023-01-03 11:00:10,1212.02000,0.02151309,b
2023-01-03 11:03:23,1211.55000,0.25000000,b
2023-01-03 11:03:23,1211.56000,0.68251248,b
2023-01-03 11:09:28,1212.38000,0.07217000,s
2023-01-03 11:11:24,1210.98000,0.25000000,b
2023-01-03 11:11:24,1210.99000,0.50000000,b
2023-01-03 11:11:24,1210.99000,0.05873179,b
2023-01-03 11:16:31,1209.11000,0.25000000,b
2023-01-03 11:16:31,1209.11000,0.37029096,b
2023-01-03 11:20:33,1209.41000,0.25000000,b
2023-01-03 11:20:33,1209.42000,0.49517172,b
2023-01-03 11:20:33,1209.50000,1.68456589,b
2023-01-03 11:20:51,1208.45000,0.50000000,s
2023-01-03 11:20:51,1208.42000,0.50000000,s
2023-01-03 11:24:37,1209.92000,0.50000000,b
2023-01-03 11:24:37,1209.93000,0.25000000,b
2023-01-03 11:24:37,1209.94000,0.50000000,b
2023-01-03 11:24:37,1209.96000,0.50000000,b
2023-01-03 11:24:37,1209.97000,1.25000000,b
2023-01-03 11:34:13,1209.05000,0.01002729,b
2023-01-03 11:34:37,1208.85000,0.06649377,b
2023-01-03 11:34:45,1209.06000,0.09438961,b
2023-01-03 11:39:35,1209.50000,0.25000000,s
2023-01-03 11:39:35,1209.49000,0.04000000,s
2023-01-03 11:48:41,1209.13000,0.34027000,s
2023-01-03 11:52:12,1209.13000,0.06138773,s
2023-01-03 11:58:15,1209.13000,0.49834227,s
2023-01-03 11:59:49,1207.73000,0.00273000,s
2023-01-03 12:04:40,1208.92000,0.07108649,b
2023-01-03 12:15:37,1209.25000,0.01587861,b
2023-01-03 12:18:18,1209.24000,0.25000000,b
2023-01-03 12:18:18,1209.25000,0.08889724,b
2023-01-03 12:18:19,1209.24000,0.20465072,b
2023-01-03 12:19:44,1208.88000,0.50000000,s
2023-01-03 12:19:44,1208.84000,0.50000000,s
2023-01-03 12:19:44,1208.83000,0.50000000,s
2023-01-03 12:19:44,1208.81000,0.50000000,s
2023-01-03 12:19:44,1208.71000,0.25000000,s
2023-01-03 12:19:44,1208.66000,0.49517172,s
2023-01-03 12:19:44,1208.63000,13.25482828,s
2023-01-03 12:22:41,1208.81000,0.00404000,s
2023-01-03 12:26:00,1208.11000,0.11906738,b
2023-01-03 12:31:02,1208.32000,0.01908355,b
2023-01-03 12:32:26,1209.01000,0.25000000,b
2023-01-03 12:32:26,1209.02000,0.50000000,b
2023-01-03 12:32:26,1209.04000,0.50000000,b
2023-01-03 12:32:26,1209.05000,0.50000000,b
2023-01-03 12:32:26,1209.06000,0.25000000,b
2023-01-03 12:35:34,1209.62000,0.16346657,b
2023-01-03 12:40:01,1208.74000,0.08292518,s
2023-01-03 12:40:10,1208.89000,0.16544102,b
2023-01-03 12:47:23,1207.18000,0.18286093,b
2023-01-03 12:50:09,1207.74000,0.02151309,s
2023-01-03 12:50:24,1208.05000,0.02298281,b
2023-01-03 13:03:46,1207.83000,0.25346873,s
2023-01-03 13:03:47,1207.83000,0.04197045,s
2023-01-03 13:23:41,1207.56000,0.03361937,b
2023-01-03 13:25:10,1207.12000,0.50000000,s
2023-01-03 13:25:10,1207.11000,0.50000000,s
2023-01-03 13:29:11,1208.18000,0.30000000,b
2023-01-03 13:29:52,1208.18000,0.15000000,b
2023-01-03 13:29:52,1208.18000,0.12000000,b
2023-01-03 13:32:02,1208.78000,0.01882080,s
2023-01-03 13:34:36,1209.12000,0.04946099,b
2023-01-03 13:37:59,1208.79000,0.25000000,b
2023-01-03 13:37:59,1208.82000,0.42472254,b
2023-01-03 13:38:01,1208.83000,0.25000000,b
2023-01-03 13:38:01,1208.83000,0.19707791,b
2023-01-03 13:39:48,1208.80000,0.01860746,s
2023-01-03 13:40:23,1208.78000,0.01860838,s
2023-01-03 13:40:23,1208.17000,0.50000000,s
2023-01-03 13:40:23,1208.16000,0.50000000,s
2023-01-03 13:40:23,1208.16000,0.04139162,s
2023-01-03 13:44:12,1207.79000,0.03099000,s
2023-01-03 13:47:35,1207.40000,3.00000000,b
2023-01-03 13:48:20,1207.10000,0.25000000,s
